{
  "meta": {
    "strategy": "swing_allocator_btc_usdt",
    "symbol": "BTC-USDT",
    "timeframe": "1H",
    "from_date": "2015-01-01",
    "to_date": "2026-01-01",
    "cost_mode": "realistic",
    "config_overrides": {},
    "generated_at": "2026-06-30T08:56:06.729757+00:00"
  },
  "statistics": {
    "total_rebalances": 526,
    "buy_count": 248,
    "sell_count": 278,
    "avg_btc_pct": 68.8,
    "min_btc_pct": 30.0,
    "max_btc_pct": 95.0,
    "initial_balance_usdt": 10000.0,
    "final_balance_usdt": 1279984.35,
    "pnl_pct": 12699.84
  },
  "rebalances": [
    {
      "num": 1,
      "timestamp": "2015-01-01T00:00:00+00:00",
      "direction": "INIT",
      "price": 319.66,
      "qty": 18.769943,
      "btc_pct_before": 0.0,
      "btc_pct_target": 0.6,
      "btc_pct_after": 0.6,
      "portfolio_usdt": 10000.0,
      "signals": [
        "init"
      ]
    },
    {
      "num": 2,
      "timestamp": "2015-01-01T03:00:00+00:00",
      "direction": "SELL",
      "price": 318.39,
      "qty": 7.81324,
      "btc_pct_before": 0.5996,
      "btc_pct_target": 0.35,
      "btc_pct_after": 0.3501,
      "portfolio_usdt": 9967.16,
      "signals": []
    },
    {
      "num": 3,
      "timestamp": "2015-01-06T00:00:00+00:00",
      "direction": "BUY",
      "price": 276.8,
      "qty": 6.217665,
      "btc_pct_before": 0.319,
      "btc_pct_target": 0.5,
      "btc_pct_after": 0.5001,
      "portfolio_usdt": 9507.73,
      "signals": []
    },
    {
      "num": 4,
      "timestamp": "2015-01-10T00:00:00+00:00",
      "direction": "SELL",
      "price": 289.22,
      "qty": 5.413579,
      "btc_pct_before": 0.5111,
      "btc_pct_target": 0.35,
      "btc_pct_after": 0.3501,
      "portfolio_usdt": 9718.44,
      "signals": []
    },
    {
      "num": 5,
      "timestamp": "2015-01-13T12:00:00+00:00",
      "direction": "BUY",
      "price": 226.82,
      "qty": 4.07952,
      "btc_pct_before": 0.297,
      "btc_pct_target": 0.4,
      "btc_pct_after": 0.4001,
      "portfolio_usdt": 8982.25,
      "signals": []
    },
    {
      "num": 6,
      "timestamp": "2015-01-16T12:00:00+00:00",
      "direction": "BUY",
      "price": 210.59,
      "qty": 4.872413,
      "btc_pct_before": 0.3824,
      "btc_pct_target": 0.5,
      "btc_pct_after": 0.5001,
      "portfolio_usdt": 8723.78,
      "signals": []
    },
    {
      "num": 7,
      "timestamp": "2015-01-19T12:00:00+00:00",
      "direction": "SELL",
      "price": 213.97,
      "qty": 6.330888,
      "btc_pct_before": 0.5041,
      "btc_pct_target": 0.35,
      "btc_pct_after": 0.3501,
      "portfolio_usdt": 8792.23,
      "signals": []
    },
    {
      "num": 8,
      "timestamp": "2015-03-05T01:00:00+00:00",
      "direction": "SELL",
      "price": 271.45,
      "qty": 3.753524,
      "btc_pct_before": 0.4059,
      "btc_pct_target": 0.3,
      "btc_pct_after": 0.3,
      "portfolio_usdt": 9616.85,
      "signals": []
    },
    {
      "num": 9,
      "timestamp": "2015-04-14T02:00:00+00:00",
      "direction": "BUY",
      "price": 223.38,
      "qty": 5.674674,
      "btc_pct_before": 0.2608,
      "btc_pct_target": 0.4,
      "btc_pct_after": 0.4001,
      "portfolio_usdt": 9104.4,
      "signals": []
    },
    {
      "num": 10,
      "timestamp": "2015-04-24T06:00:00+00:00",
      "direction": "SELL",
      "price": 230.82,
      "qty": 4.314676,
      "btc_pct_before": 0.408,
      "btc_pct_target": 0.3,
      "btc_pct_after": 0.3,
      "portfolio_usdt": 9223.8,
      "signals": []
    },
    {
      "num": 11,
      "timestamp": "2015-05-17T19:00:00+00:00",
      "direction": "BUY",
      "price": 236.55,
      "qty": 5.686359,
      "btc_pct_before": 0.3052,
      "btc_pct_target": 0.45,
      "btc_pct_after": 0.4501,
      "portfolio_usdt": 9290.98,
      "signals": []
    },
    {
      "num": 12,
      "timestamp": "2015-05-25T15:00:00+00:00",
      "direction": "SELL",
      "price": 236.87,
      "qty": 3.940914,
      "btc_pct_before": 0.4504,
      "btc_pct_target": 0.35,
      "btc_pct_after": 0.3501,
      "portfolio_usdt": 9294.61,
      "signals": []
    },
    {
      "num": 13,
      "timestamp": "2015-05-28T19:00:00+00:00",
      "direction": "BUY",
      "price": 236.07,
      "qty": 3.960143,
      "btc_pct_before": 0.3493,
      "btc_pct_target": 0.45,
      "btc_pct_after": 0.4501,
      "portfolio_usdt": 9282.22,
      "signals": []
    },
    {
      "num": 14,
      "timestamp": "2015-06-18T08:00:00+00:00",
      "direction": "SELL",
      "price": 246.9,
      "qty": 4.265984,
      "btc_pct_before": 0.4612,
      "btc_pct_target": 0.35,
      "btc_pct_after": 0.3501,
      "portfolio_usdt": 9472.43,
      "signals": []
    },
    {
      "num": 15,
      "timestamp": "2015-06-22T16:00:00+00:00",
      "direction": "BUY",
      "price": 246.46,
      "qty": 3.853723,
      "btc_pct_before": 0.3497,
      "btc_pct_target": 0.45,
      "btc_pct_after": 0.4501,
      "portfolio_usdt": 9464.96,
      "signals": []
    },
    {
      "num": 16,
      "timestamp": "2015-07-01T12:00:00+00:00",
      "direction": "SELL",
      "price": 255.86,
      "qty": 4.113894,
      "btc_pct_before": 0.4593,
      "btc_pct_target": 0.35,
      "btc_pct_after": 0.3501,
      "portfolio_usdt": 9625.99,
      "signals": []
    },
    {
      "num": 17,
      "timestamp": "2015-07-27T00:00:00+00:00",
      "direction": "BUY",
      "price": 292.57,
      "qty": 16.198311,
      "btc_pct_before": 0.3811,
      "btc_pct_target": 0.85,
      "btc_pct_after": 0.8506,
      "portfolio_usdt": 10107.8,
      "signals": []
    },
    {
      "num": 18,
      "timestamp": "2015-08-08T13:00:00+00:00",
      "direction": "SELL",
      "price": 267.22,
      "qty": 6.607551,
      "btc_pct_before": 0.8387,
      "btc_pct_target": 0.65,
      "btc_pct_after": 0.6502,
      "portfolio_usdt": 9356.19,
      "signals": []
    },
    {
      "num": 19,
      "timestamp": "2015-08-11T21:00:00+00:00",
      "direction": "BUY",
      "price": 268.86,
      "qty": 6.930781,
      "btc_pct_before": 0.6516,
      "btc_pct_target": 0.85,
      "btc_pct_after": 0.8503,
      "portfolio_usdt": 9390.89,
      "signals": []
    },
    {
      "num": 20,
      "timestamp": "2015-08-14T21:00:00+00:00",
      "direction": "SELL",
      "price": 266.45,
      "qty": 6.961656,
      "btc_pct_before": 0.8491,
      "btc_pct_target": 0.65,
      "btc_pct_after": 0.6502,
      "portfolio_usdt": 9316.58,
      "signals": []
    },
    {
      "num": 21,
      "timestamp": "2015-08-20T21:00:00+00:00",
      "direction": "BUY",
      "price": 236.23,
      "qty": 6.487935,
      "btc_pct_before": 0.6223,
      "btc_pct_target": 0.8,
      "btc_pct_after": 0.8002,
      "portfolio_usdt": 8626.99,
      "signals": []
    },
    {
      "num": 22,
      "timestamp": "2015-08-23T21:00:00+00:00",
      "direction": "SELL",
      "price": 228.01,
      "qty": 7.151985,
      "btc_pct_before": 0.7945,
      "btc_pct_target": 0.6,
      "btc_pct_after": 0.6002,
      "portfolio_usdt": 8384.53,
      "signals": []
    },
    {
      "num": 23,
      "timestamp": "2015-08-27T01:00:00+00:00",
      "direction": "SELL",
      "price": 225.58,
      "qty": 5.449413,
      "btc_pct_before": 0.5976,
      "btc_pct_target": 0.45,
      "btc_pct_after": 0.4501,
      "portfolio_usdt": 8328.5,
      "signals": []
    },
    {
      "num": 24,
      "timestamp": "2015-08-30T13:00:00+00:00",
      "direction": "SELL",
      "price": 227.86,
      "qty": 3.765959,
      "btc_pct_before": 0.4526,
      "btc_pct_target": 0.35,
      "btc_pct_after": 0.3501,
      "portfolio_usdt": 8364.55,
      "signals": []
    },
    {
      "num": 25,
      "timestamp": "2015-09-16T10:00:00+00:00",
      "direction": "BUY",
      "price": 226.99,
      "qty": 3.709546,
      "btc_pct_before": 0.3492,
      "btc_pct_target": 0.45,
      "btc_pct_after": 0.4501,
      "portfolio_usdt": 8352.1,
      "signals": []
    },
    {
      "num": 26,
      "timestamp": "2015-09-20T02:00:00+00:00",
      "direction": "SELL",
      "price": 230.07,
      "qty": 3.776223,
      "btc_pct_before": 0.4534,
      "btc_pct_target": 0.35,
      "btc_pct_after": 0.3501,
      "portfolio_usdt": 8401.84,
      "signals": []
    },
    {
      "num": 27,
      "timestamp": "2015-09-23T06:00:00+00:00",
      "direction": "BUY",
      "price": 230.0,
      "qty": 3.652529,
      "btc_pct_before": 0.35,
      "btc_pct_target": 0.45,
      "btc_pct_after": 0.4501,
      "portfolio_usdt": 8399.63,
      "signals": []
    },
    {
      "num": 28,
      "timestamp": "2015-09-26T14:00:00+00:00",
      "direction": "SELL",
      "price": 234.19,
      "qty": 3.779702,
      "btc_pct_before": 0.4545,
      "btc_pct_target": 0.35,
      "btc_pct_after": 0.3501,
      "portfolio_usdt": 8467.21,
      "signals": []
    },
    {
      "num": 29,
      "timestamp": "2015-10-20T02:00:00+00:00",
      "direction": "BUY",
      "price": 264.72,
      "qty": 12.425563,
      "btc_pct_before": 0.3784,
      "btc_pct_target": 0.75,
      "btc_pct_after": 0.7504,
      "portfolio_usdt": 8852.21,
      "signals": []
    },
    {
      "num": 30,
      "timestamp": "2015-10-23T03:00:00+00:00",
      "direction": "SELL",
      "price": 275.36,
      "qty": 10.185348,
      "btc_pct_before": 0.7577,
      "btc_pct_target": 0.45,
      "btc_pct_after": 0.4502,
      "portfolio_usdt": 9114.15,
      "signals": []
    },
    {
      "num": 31,
      "timestamp": "2015-10-26T03:00:00+00:00",
      "direction": "BUY",
      "price": 284.49,
      "qty": 7.855394,
      "btc_pct_before": 0.4583,
      "btc_pct_target": 0.7,
      "btc_pct_after": 0.7003,
      "portfolio_usdt": 9245.91,
      "signals": []
    },
    {
      "num": 32,
      "timestamp": "2015-10-31T19:00:00+00:00",
      "direction": "SELL",
      "price": 311.64,
      "qty": 3.766066,
      "btc_pct_before": 0.719,
      "btc_pct_target": 0.6,
      "btc_pct_after": 0.6001,
      "portfolio_usdt": 9860.24,
      "signals": []
    },
    {
      "num": 33,
      "timestamp": "2015-11-06T03:00:00+00:00",
      "direction": "BUY",
      "price": 360.0,
      "qty": 3.467189,
      "btc_pct_before": 0.6342,
      "btc_pct_target": 0.75,
      "btc_pct_after": 0.7501,
      "portfolio_usdt": 10776.52,
      "signals": []
    },
    {
      "num": 34,
      "timestamp": "2015-11-12T19:00:00+00:00",
      "direction": "BUY",
      "price": 327.28,
      "qty": 3.624573,
      "btc_pct_before": 0.7318,
      "btc_pct_target": 0.85,
      "btc_pct_after": 0.8501,
      "portfolio_usdt": 10040.05,
      "signals": []
    },
    {
      "num": 35,
      "timestamp": "2015-11-16T19:00:00+00:00",
      "direction": "SELL",
      "price": 328.15,
      "qty": 3.080912,
      "btc_pct_before": 0.8505,
      "btc_pct_target": 0.75,
      "btc_pct_after": 0.7501,
      "portfolio_usdt": 10060.97,
      "signals": []
    },
    {
      "num": 36,
      "timestamp": "2015-11-21T15:00:00+00:00",
      "direction": "BUY",
      "price": 324.71,
      "qty": 3.131052,
      "btc_pct_before": 0.7481,
      "btc_pct_target": 0.85,
      "btc_pct_after": 0.8501,
      "portfolio_usdt": 9980.36,
      "signals": []
    },
    {
      "num": 37,
      "timestamp": "2015-11-25T11:00:00+00:00",
      "direction": "SELL",
      "price": 324.72,
      "qty": 3.077235,
      "btc_pct_before": 0.8501,
      "btc_pct_target": 0.75,
      "btc_pct_after": 0.7501,
      "portfolio_usdt": 9979.11,
      "signals": []
    },
    {
      "num": 38,
      "timestamp": "2015-12-12T00:00:00+00:00",
      "direction": "SELL",
      "price": 454.93,
      "qty": 3.078155,
      "btc_pct_before": 0.8079,
      "btc_pct_target": 0.7,
      "btc_pct_after": 0.7001,
      "portfolio_usdt": 12978.77,
      "signals": []
    },
    {
      "num": 39,
      "timestamp": "2015-12-15T04:00:00+00:00",
      "direction": "BUY",
      "price": 451.49,
      "qty": 4.330833,
      "btc_pct_before": 0.6985,
      "btc_pct_target": 0.85,
      "btc_pct_after": 0.8502,
      "portfolio_usdt": 12907.96,
      "signals": []
    },
    {
      "num": 40,
      "timestamp": "2015-12-18T04:00:00+00:00",
      "direction": "SELL",
      "price": 455.87,
      "qty": 2.894728,
      "btc_pct_before": 0.8514,
      "btc_pct_target": 0.75,
      "btc_pct_after": 0.7501,
      "portfolio_usdt": 13011.45,
      "signals": []
    },
    {
      "num": 41,
      "timestamp": "2015-12-23T12:00:00+00:00",
      "direction": "BUY",
      "price": 440.29,
      "qty": 3.06499,
      "btc_pct_before": 0.7435,
      "btc_pct_target": 0.85,
      "btc_pct_after": 0.8501,
      "portfolio_usdt": 12675.95,
      "signals": []
    },
    {
      "num": 42,
      "timestamp": "2016-01-09T08:00:00+00:00",
      "direction": "SELL",
      "price": 450.31,
      "qty": 2.954441,
      "btc_pct_before": 0.853,
      "btc_pct_target": 0.75,
      "btc_pct_after": 0.7501,
      "portfolio_usdt": 12919.13,
      "signals": []
    },
    {
      "num": 43,
      "timestamp": "2016-01-16T01:00:00+00:00",
      "direction": "BUY",
      "price": 371.07,
      "qty": 5.676994,
      "btc_pct_before": 0.7121,
      "btc_pct_target": 0.9,
      "btc_pct_after": 0.9003,
      "portfolio_usdt": 11212.11,
      "signals": []
    },
    {
      "num": 44,
      "timestamp": "2016-01-22T13:00:00+00:00",
      "direction": "SELL",
      "price": 395.28,
      "qty": 4.677185,
      "btc_pct_before": 0.9058,
      "btc_pct_target": 0.75,
      "btc_pct_after": 0.7502,
      "portfolio_usdt": 11867.29,
      "signals": []
    },
    {
      "num": 45,
      "timestamp": "2016-01-25T17:00:00+00:00",
      "direction": "BUY",
      "price": 390.65,
      "qty": 3.071805,
      "btc_pct_before": 0.748,
      "btc_pct_target": 0.85,
      "btc_pct_after": 0.8501,
      "portfolio_usdt": 11760.26,
      "signals": []
    },
    {
      "num": 46,
      "timestamp": "2016-02-16T01:00:00+00:00",
      "direction": "SELL",
      "price": 398.45,
      "qty": 3.080146,
      "btc_pct_before": 0.8526,
      "btc_pct_target": 0.75,
      "btc_pct_after": 0.7501,
      "portfolio_usdt": 11958.03,
      "signals": []
    },
    {
      "num": 47,
      "timestamp": "2016-04-01T02:00:00+00:00",
      "direction": "SELL",
      "price": 415.8,
      "qty": 3.207513,
      "btc_pct_before": 0.758,
      "btc_pct_target": 0.65,
      "btc_pct_after": 0.6501,
      "portfolio_usdt": 12346.71,
      "signals": []
    },
    {
      "num": 48,
      "timestamp": "2016-04-04T15:00:00+00:00",
      "direction": "SELL",
      "price": 419.29,
      "qty": 3.019598,
      "btc_pct_before": 0.652,
      "btc_pct_target": 0.55,
      "btc_pct_after": 0.5501,
      "portfolio_usdt": 12412.07,
      "signals": []
    },
    {
      "num": 49,
      "timestamp": "2016-04-20T03:00:00+00:00",
      "direction": "BUY",
      "price": 435.2,
      "qty": 8.463119,
      "btc_pct_before": 0.5593,
      "btc_pct_target": 0.85,
      "btc_pct_after": 0.8504,
      "portfolio_usdt": 12669.2,
      "signals": []
    },
    {
      "num": 50,
      "timestamp": "2016-04-23T07:00:00+00:00",
      "direction": "SELL",
      "price": 445.89,
      "qty": 2.998968,
      "btc_pct_before": 0.8534,
      "btc_pct_target": 0.75,
      "btc_pct_after": 0.7501,
      "portfolio_usdt": 12928.18,
      "signals": []
    },
    {
      "num": 51,
      "timestamp": "2016-04-27T11:00:00+00:00",
      "direction": "SELL",
      "price": 464.0,
      "qty": 4.521442,
      "btc_pct_before": 0.7575,
      "btc_pct_target": 0.6,
      "btc_pct_after": 0.6001,
      "portfolio_usdt": 13319.99,
      "signals": []
    },
    {
      "num": 52,
      "timestamp": "2016-04-30T11:00:00+00:00",
      "direction": "BUY",
      "price": 453.72,
      "qty": 7.391983,
      "btc_pct_before": 0.5948,
      "btc_pct_target": 0.85,
      "btc_pct_after": 0.8503,
      "portfolio_usdt": 13139.79,
      "signals": []
    },
    {
      "num": 53,
      "timestamp": "2016-05-09T03:00:00+00:00",
      "direction": "SELL",
      "price": 457.04,
      "qty": 2.927975,
      "btc_pct_before": 0.8513,
      "btc_pct_target": 0.75,
      "btc_pct_after": 0.7501,
      "portfolio_usdt": 13216.46,
      "signals": []
    },
    {
      "num": 54,
      "timestamp": "2016-05-13T07:00:00+00:00",
      "direction": "BUY",
      "price": 452.91,
      "qty": 2.944011,
      "btc_pct_before": 0.7484,
      "btc_pct_target": 0.85,
      "btc_pct_after": 0.8501,
      "portfolio_usdt": 13124.88,
      "signals": []
    },
    {
      "num": 55,
      "timestamp": "2016-05-16T20:00:00+00:00",
      "direction": "SELL",
      "price": 453.5,
      "qty": 2.905466,
      "btc_pct_before": 0.8503,
      "btc_pct_target": 0.75,
      "btc_pct_after": 0.7501,
      "portfolio_usdt": 13137.4,
      "signals": []
    },
    {
      "num": 56,
      "timestamp": "2016-05-19T20:00:00+00:00",
      "direction": "SELL",
      "price": 443.18,
      "qty": 5.703491,
      "btc_pct_before": 0.7458,
      "btc_pct_target": 0.55,
      "btc_pct_after": 0.5502,
      "portfolio_usdt": 12911.2,
      "signals": []
    },
    {
      "num": 57,
      "timestamp": "2016-05-22T20:00:00+00:00",
      "direction": "BUY",
      "price": 439.62,
      "qty": 8.822848,
      "btc_pct_before": 0.5482,
      "btc_pct_target": 0.85,
      "btc_pct_after": 0.8504,
      "portfolio_usdt": 12850.37,
      "signals": []
    },
    {
      "num": 58,
      "timestamp": "2016-05-29T00:00:00+00:00",
      "direction": "SELL",
      "price": 516.0,
      "qty": 4.846807,
      "btc_pct_before": 0.8696,
      "btc_pct_target": 0.7,
      "btc_pct_after": 0.7002,
      "portfolio_usdt": 14742.29,
      "signals": []
    },
    {
      "num": 59,
      "timestamp": "2016-06-01T00:00:00+00:00",
      "direction": "SELL",
      "price": 533.88,
      "qty": 3.03349,
      "btc_pct_before": 0.7073,
      "btc_pct_target": 0.6,
      "btc_pct_after": 0.6001,
      "portfolio_usdt": 15096.12,
      "signals": []
    },
    {
      "num": 60,
      "timestamp": "2016-06-21T20:00:00+00:00",
      "direction": "BUY",
      "price": 650.68,
      "qty": 2.715911,
      "btc_pct_before": 0.6465,
      "btc_pct_target": 0.75,
      "btc_pct_after": 0.7501,
      "portfolio_usdt": 17075.28,
      "signals": []
    },
    {
      "num": 61,
      "timestamp": "2016-06-26T04:00:00+00:00",
      "direction": "BUY",
      "price": 641.32,
      "qty": 2.702077,
      "btc_pct_before": 0.7474,
      "btc_pct_target": 0.85,
      "btc_pct_after": 0.8501,
      "portfolio_usdt": 16888.39,
      "signals": []
    },
    {
      "num": 62,
      "timestamp": "2016-06-30T09:00:00+00:00",
      "direction": "SELL",
      "price": 648.0,
      "qty": 2.666926,
      "btc_pct_before": 0.8514,
      "btc_pct_target": 0.75,
      "btc_pct_after": 0.7501,
      "portfolio_usdt": 17035.32,
      "signals": []
    },
    {
      "num": 63,
      "timestamp": "2016-07-09T01:00:00+00:00",
      "direction": "BUY",
      "price": 658.78,
      "qty": 5.151923,
      "btc_pct_before": 0.7532,
      "btc_pct_target": 0.95,
      "btc_pct_after": 0.9503,
      "portfolio_usdt": 17245.28,
      "signals": []
    },
    {
      "num": 64,
      "timestamp": "2016-07-14T13:00:00+00:00",
      "direction": "SELL",
      "price": 662.66,
      "qty": 2.63081,
      "btc_pct_before": 0.9506,
      "btc_pct_target": 0.85,
      "btc_pct_after": 0.8501,
      "portfolio_usdt": 17336.68,
      "signals": []
    },
    {
      "num": 65,
      "timestamp": "2016-07-20T01:00:00+00:00",
      "direction": "SELL",
      "price": 673.05,
      "qty": 5.27435,
      "btc_pct_before": 0.8521,
      "btc_pct_target": 0.65,
      "btc_pct_after": 0.6502,
      "portfolio_usdt": 17565.12,
      "signals": []
    },
    {
      "num": 66,
      "timestamp": "2016-07-24T09:00:00+00:00",
      "direction": "BUY",
      "price": 653.69,
      "qty": 2.806543,
      "btc_pct_before": 0.6435,
      "btc_pct_target": 0.75,
      "btc_pct_after": 0.7501,
      "portfolio_usdt": 17231.36,
      "signals": []
    },
    {
      "num": 67,
      "timestamp": "2016-08-02T01:00:00+00:00",
      "direction": "BUY",
      "price": 609.43,
      "qty": 3.038975,
      "btc_pct_before": 0.7367,
      "btc_pct_target": 0.85,
      "btc_pct_after": 0.8501,
      "portfolio_usdt": 16353.58,
      "signals": []
    },
    {
      "num": 68,
      "timestamp": "2016-08-05T01:00:00+00:00",
      "direction": "BUY",
      "price": 575.0,
      "qty": 2.907822,
      "btc_pct_before": 0.8426,
      "btc_pct_target": 0.95,
      "btc_pct_after": 0.9502,
      "portfolio_usdt": 15565.5,
      "signals": []
    },
    {
      "num": 69,
      "timestamp": "2016-08-09T14:00:00+00:00",
      "direction": "SELL",
      "price": 587.61,
      "qty": 2.735371,
      "btc_pct_before": 0.9512,
      "btc_pct_target": 0.85,
      "btc_pct_after": 0.8501,
      "portfolio_usdt": 15887.27,
      "signals": []
    },
    {
      "num": 70,
      "timestamp": "2016-08-16T18:00:00+00:00",
      "direction": "BUY",
      "price": 579.06,
      "qty": 2.756659,
      "btc_pct_before": 0.8483,
      "btc_pct_target": 0.95,
      "btc_pct_after": 0.9501,
      "portfolio_usdt": 15688.38,
      "signals": []
    },
    {
      "num": 71,
      "timestamp": "2016-08-23T18:00:00+00:00",
      "direction": "SELL",
      "price": 579.0,
      "qty": 2.712681,
      "btc_pct_before": 0.9501,
      "btc_pct_target": 0.85,
      "btc_pct_after": 0.8501,
      "portfolio_usdt": 15684.44,
      "signals": []
    },
    {
      "num": 72,
      "timestamp": "2016-08-26T22:00:00+00:00",
      "direction": "BUY",
      "price": 577.96,
      "qty": 2.711955,
      "btc_pct_before": 0.8499,
      "btc_pct_target": 0.95,
      "btc_pct_after": 0.9501,
      "portfolio_usdt": 15658.13,
      "signals": []
    },
    {
      "num": 73,
      "timestamp": "2016-09-06T14:00:00+00:00",
      "direction": "SELL",
      "price": 608.28,
      "qty": 2.769889,
      "btc_pct_before": 0.9525,
      "btc_pct_target": 0.85,
      "btc_pct_after": 0.8501,
      "portfolio_usdt": 16436.14,
      "signals": []
    },
    {
      "num": 74,
      "timestamp": "2016-09-14T18:00:00+00:00",
      "direction": "BUY",
      "price": 607.64,
      "qty": 2.70219,
      "btc_pct_before": 0.85,
      "btc_pct_target": 0.95,
      "btc_pct_after": 0.9501,
      "portfolio_usdt": 16418.93,
      "signals": []
    },
    {
      "num": 75,
      "timestamp": "2016-09-18T11:00:00+00:00",
      "direction": "SELL",
      "price": 607.11,
      "qty": 2.704512,
      "btc_pct_before": 0.9501,
      "btc_pct_target": 0.85,
      "btc_pct_after": 0.8501,
      "portfolio_usdt": 16402.87,
      "signals": []
    },
    {
      "num": 76,
      "timestamp": "2016-09-23T15:00:00+00:00",
      "direction": "BUY",
      "price": 597.5,
      "qty": 2.759818,
      "btc_pct_before": 0.8481,
      "btc_pct_target": 0.95,
      "btc_pct_after": 0.9501,
      "portfolio_usdt": 16179.72,
      "signals": []
    },
    {
      "num": 77,
      "timestamp": "2016-09-27T03:00:00+00:00",
      "direction": "SELL",
      "price": 602.99,
      "qty": 5.428132,
      "btc_pct_before": 0.9506,
      "btc_pct_target": 0.75,
      "btc_pct_after": 0.7502,
      "portfolio_usdt": 16318.47,
      "signals": []
    },
    {
      "num": 78,
      "timestamp": "2016-09-30T11:00:00+00:00",
      "direction": "SELL",
      "price": 604.19,
      "qty": 2.720265,
      "btc_pct_before": 0.7506,
      "btc_pct_target": 0.65,
      "btc_pct_after": 0.6501,
      "portfolio_usdt": 16337.93,
      "signals": []
    },
    {
      "num": 79,
      "timestamp": "2016-10-12T03:00:00+00:00",
      "direction": "BUY",
      "price": 634.97,
      "qty": 7.67279,
      "btc_pct_before": 0.6613,
      "btc_pct_target": 0.95,
      "btc_pct_after": 0.9504,
      "portfolio_usdt": 16876.48,
      "signals": []
    },
    {
      "num": 80,
      "timestamp": "2016-10-15T03:00:00+00:00",
      "direction": "SELL",
      "price": 638.7,
      "qty": 2.674189,
      "btc_pct_before": 0.9507,
      "btc_pct_target": 0.85,
      "btc_pct_after": 0.8501,
      "portfolio_usdt": 16963.33,
      "signals": []
    },
    {
      "num": 81,
      "timestamp": "2016-10-21T15:00:00+00:00",
      "direction": "BUY",
      "price": 630.94,
      "qty": 2.698603,
      "btc_pct_before": 0.8486,
      "btc_pct_target": 0.95,
      "btc_pct_after": 0.9501,
      "portfolio_usdt": 16785.58,
      "signals": []
    },
    {
      "num": 82,
      "timestamp": "2016-10-24T23:00:00+00:00",
      "direction": "SELL",
      "price": 648.6,
      "qty": 2.694558,
      "btc_pct_before": 0.9514,
      "btc_pct_target": 0.85,
      "btc_pct_after": 0.8501,
      "portfolio_usdt": 17229.35,
      "signals": []
    },
    {
      "num": 83,
      "timestamp": "2016-10-29T03:00:00+00:00",
      "direction": "SELL",
      "price": 696.77,
      "qty": 4.180035,
      "btc_pct_before": 0.859,
      "btc_pct_target": 0.7,
      "btc_pct_after": 0.7002,
      "portfolio_usdt": 18314.39,
      "signals": []
    },
    {
      "num": 84,
      "timestamp": "2016-11-04T00:00:00+00:00",
      "direction": "BUY",
      "price": 694.78,
      "qty": 3.95655,
      "btc_pct_before": 0.6996,
      "btc_pct_target": 0.85,
      "btc_pct_after": 0.8502,
      "portfolio_usdt": 18273.4,
      "signals": []
    },
    {
      "num": 85,
      "timestamp": "2016-12-24T17:00:00+00:00",
      "direction": "SELL",
      "price": 896.8,
      "qty": 4.570475,
      "btc_pct_before": 0.8799,
      "btc_pct_target": 0.7,
      "btc_pct_after": 0.7002,
      "portfolio_usdt": 22785.59,
      "signals": []
    },
    {
      "num": 86,
      "timestamp": "2017-01-05T17:00:00+00:00",
      "direction": "SELL",
      "price": 964.04,
      "qty": 2.863581,
      "btc_pct_before": 0.7151,
      "btc_pct_target": 0.6,
      "btc_pct_after": 0.6001,
      "portfolio_usdt": 23975.33,
      "signals": []
    },
    {
      "num": 87,
      "timestamp": "2017-01-08T17:00:00+00:00",
      "direction": "BUY",
      "price": 904.33,
      "qty": 9.324014,
      "btc_pct_before": 0.5847,
      "btc_pct_target": 0.95,
      "btc_pct_after": 0.9505,
      "portfolio_usdt": 23080.21,
      "signals": []
    },
    {
      "num": 88,
      "timestamp": "2017-01-19T17:00:00+00:00",
      "direction": "SELL",
      "price": 905.34,
      "qty": 2.565258,
      "btc_pct_before": 0.9506,
      "btc_pct_target": 0.85,
      "btc_pct_after": 0.8501,
      "portfolio_usdt": 23092.07,
      "signals": []
    },
    {
      "num": 89,
      "timestamp": "2017-02-25T06:00:00+00:00",
      "direction": "SELL",
      "price": 1175.06,
      "qty": 4.442791,
      "btc_pct_before": 0.8804,
      "btc_pct_target": 0.7,
      "btc_pct_after": 0.7002,
      "portfolio_usdt": 28936.27,
      "signals": []
    },
    {
      "num": 90,
      "timestamp": "2017-02-28T06:00:00+00:00",
      "direction": "BUY",
      "price": 1191.68,
      "qty": 3.600633,
      "btc_pct_before": 0.7031,
      "btc_pct_target": 0.85,
      "btc_pct_after": 0.8502,
      "portfolio_usdt": 29214.92,
      "signals": []
    },
    {
      "num": 91,
      "timestamp": "2017-03-03T06:00:00+00:00",
      "direction": "SELL",
      "price": 1260.44,
      "qty": 3.821371,
      "btc_pct_before": 0.8572,
      "btc_pct_target": 0.7,
      "btc_pct_after": 0.7002,
      "portfolio_usdt": 30641.32,
      "signals": []
    },
    {
      "num": 92,
      "timestamp": "2017-03-06T07:00:00+00:00",
      "direction": "SELL",
      "price": 1273.0,
      "qty": 2.477579,
      "btc_pct_before": 0.7022,
      "btc_pct_target": 0.6,
      "btc_pct_after": 0.6001,
      "portfolio_usdt": 30847.83,
      "signals": []
    },
    {
      "num": 93,
      "timestamp": "2017-03-09T07:00:00+00:00",
      "direction": "BUY",
      "price": 1176.01,
      "qty": 6.734174,
      "btc_pct_before": 0.5809,
      "btc_pct_target": 0.85,
      "btc_pct_after": 0.8503,
      "portfolio_usdt": 29432.91,
      "signals": []
    },
    {
      "num": 94,
      "timestamp": "2017-03-19T23:00:00+00:00",
      "direction": "BUY",
      "price": 1017.97,
      "qty": 3.045368,
      "btc_pct_before": 0.831,
      "btc_pct_target": 0.95,
      "btc_pct_after": 0.9502,
      "portfolio_usdt": 26058.93,
      "signals": []
    },
    {
      "num": 95,
      "timestamp": "2017-03-22T23:00:00+00:00",
      "direction": "SELL",
      "price": 1037.56,
      "qty": 2.584246,
      "btc_pct_before": 0.9511,
      "btc_pct_target": 0.85,
      "btc_pct_after": 0.8501,
      "portfolio_usdt": 26530.69,
      "signals": []
    },
    {
      "num": 96,
      "timestamp": "2017-03-26T11:00:00+00:00",
      "direction": "BUY",
      "price": 963.98,
      "qty": 2.831187,
      "btc_pct_before": 0.8405,
      "btc_pct_target": 0.95,
      "btc_pct_after": 0.9502,
      "portfolio_usdt": 24927.42,
      "signals": []
    },
    {
      "num": 97,
      "timestamp": "2017-03-30T15:00:00+00:00",
      "direction": "SELL",
      "price": 1021.04,
      "qty": 2.650706,
      "btc_pct_before": 0.9528,
      "btc_pct_target": 0.85,
      "btc_pct_after": 0.8501,
      "portfolio_usdt": 26325.06,
      "signals": []
    },
    {
      "num": 98,
      "timestamp": "2017-04-19T00:00:00+00:00",
      "direction": "SELL",
      "price": 1198.48,
      "qty": 3.010236,
      "btc_pct_before": 0.8694,
      "btc_pct_target": 0.75,
      "btc_pct_after": 0.7501,
      "portfolio_usdt": 30209.64,
      "signals": []
    },
    {
      "num": 99,
      "timestamp": "2017-04-22T00:00:00+00:00",
      "direction": "BUY",
      "price": 1243.36,
      "qty": 4.8211,
      "btc_pct_before": 0.757,
      "btc_pct_target": 0.95,
      "btc_pct_after": 0.9503,
      "portfolio_usdt": 31052.68,
      "signals": []
    },
    {
      "num": 100,
      "timestamp": "2017-04-25T00:00:00+00:00",
      "direction": "SELL",
      "price": 1254.02,
      "qty": 5.008298,
      "btc_pct_before": 0.9507,
      "btc_pct_target": 0.75,
      "btc_pct_after": 0.7502,
      "portfolio_usdt": 31296.62,
      "signals": []
    },
    {
      "num": 101,
      "timestamp": "2017-04-28T00:00:00+00:00",
      "direction": "BUY",
      "price": 1320.02,
      "qty": 4.688257,
      "btc_pct_before": 0.7597,
      "btc_pct_target": 0.95,
      "btc_pct_after": 0.9503,
      "portfolio_usdt": 32522.56,
      "signals": []
    },
    {
      "num": 102,
      "timestamp": "2017-05-01T00:00:00+00:00",
      "direction": "SELL",
      "price": 1355.39,
      "qty": 6.18678,
      "btc_pct_before": 0.9515,
      "btc_pct_target": 0.7,
      "btc_pct_after": 0.7003,
      "portfolio_usdt": 33341.14,
      "signals": []
    },
    {
      "num": 103,
      "timestamp": "2017-05-05T16:00:00+00:00",
      "direction": "SELL",
      "price": 1509.0,
      "qty": 2.915631,
      "btc_pct_before": 0.7223,
      "btc_pct_target": 0.6,
      "btc_pct_after": 0.6001,
      "portfolio_usdt": 35973.6,
      "signals": []
    },
    {
      "num": 104,
      "timestamp": "2017-05-13T00:00:00+00:00",
      "direction": "BUY",
      "price": 1674.17,
      "qty": 2.867372,
      "btc_pct_before": 0.6248,
      "btc_pct_target": 0.75,
      "btc_pct_after": 0.7501,
      "portfolio_usdt": 38329.55,
      "signals": []
    },
    {
      "num": 105,
      "timestamp": "2017-05-22T00:00:00+00:00",
      "direction": "SELL",
      "price": 2022.0,
      "qty": 4.027098,
      "btc_pct_before": 0.7838,
      "btc_pct_target": 0.6,
      "btc_pct_after": 0.6002,
      "portfolio_usdt": 44294.92,
      "signals": []
    },
    {
      "num": 106,
      "timestamp": "2017-05-28T01:00:00+00:00",
      "direction": "BUY",
      "price": 2130.57,
      "qty": 2.946781,
      "btc_pct_before": 0.6126,
      "btc_pct_target": 0.75,
      "btc_pct_after": 0.7502,
      "portfolio_usdt": 45709.75,
      "signals": []
    },
    {
      "num": 107,
      "timestamp": "2017-06-06T05:00:00+00:00",
      "direction": "SELL",
      "price": 2840.76,
      "qty": 2.013658,
      "btc_pct_before": 0.8001,
      "btc_pct_target": 0.7,
      "btc_pct_after": 0.7001,
      "portfolio_usdt": 57127.75,
      "signals": []
    },
    {
      "num": 108,
      "timestamp": "2017-06-11T01:00:00+00:00",
      "direction": "BUY",
      "price": 2890.11,
      "qty": 2.926416,
      "btc_pct_before": 0.7037,
      "btc_pct_target": 0.85,
      "btc_pct_after": 0.8502,
      "portfolio_usdt": 57813.88,
      "signals": []
    },
    {
      "num": 109,
      "timestamp": "2017-07-18T02:00:00+00:00",
      "direction": "BUY",
      "price": 2206.07,
      "qty": 2.878816,
      "btc_pct_before": 0.8124,
      "btc_pct_target": 0.95,
      "btc_pct_after": 0.9502,
      "portfolio_usdt": 46170.14,
      "signals": []
    },
    {
      "num": 110,
      "timestamp": "2017-07-21T02:00:00+00:00",
      "direction": "SELL",
      "price": 2727.01,
      "qty": 2.26575,
      "btc_pct_before": 0.9593,
      "btc_pct_target": 0.85,
      "btc_pct_after": 0.8501,
      "portfolio_usdt": 56518.08,
      "signals": []
    },
    {
      "num": 111,
      "timestamp": "2017-07-24T02:00:00+00:00",
      "direction": "SELL",
      "price": 2772.77,
      "qty": 2.113513,
      "btc_pct_before": 0.8522,
      "btc_pct_target": 0.75,
      "btc_pct_after": 0.7501,
      "portfolio_usdt": 57314.96,
      "signals": []
    },
    {
      "num": 112,
      "timestamp": "2017-07-27T22:00:00+00:00",
      "direction": "BUY",
      "price": 2681.57,
      "qty": 2.213666,
      "btc_pct_before": 0.7438,
      "btc_pct_target": 0.85,
      "btc_pct_after": 0.8501,
      "portfolio_usdt": 55892.29,
      "signals": []
    },
    {
      "num": 113,
      "timestamp": "2017-07-30T22:00:00+00:00",
      "direction": "SELL",
      "price": 2732.03,
      "qty": 2.130065,
      "btc_pct_before": 0.8525,
      "btc_pct_target": 0.75,
      "btc_pct_after": 0.7501,
      "portfolio_usdt": 56777.37,
      "signals": []
    },
    {
      "num": 114,
      "timestamp": "2017-08-03T02:00:00+00:00",
      "direction": "BUY",
      "price": 2714.85,
      "qty": 2.103422,
      "btc_pct_before": 0.7489,
      "btc_pct_target": 0.85,
      "btc_pct_after": 0.8501,
      "portfolio_usdt": 56500.85,
      "signals": []
    },
    {
      "num": 115,
      "timestamp": "2017-08-08T18:00:00+00:00",
      "direction": "SELL",
      "price": 3392.3,
      "qty": 2.55064,
      "btc_pct_before": 0.8764,
      "btc_pct_target": 0.75,
      "btc_pct_after": 0.7501,
      "portfolio_usdt": 68476.38,
      "signals": []
    },
    {
      "num": 116,
      "timestamp": "2017-08-15T14:00:00+00:00",
      "direction": "SELL",
      "price": 3914.93,
      "qty": 3.434075,
      "btc_pct_before": 0.776,
      "btc_pct_target": 0.6,
      "btc_pct_after": 0.6002,
      "portfolio_usdt": 76375.68,
      "signals": []
    },
    {
      "num": 117,
      "timestamp": "2017-08-18T15:00:00+00:00",
      "direction": "BUY",
      "price": 4224.0,
      "qty": 2.494504,
      "btc_pct_before": 0.6182,
      "btc_pct_target": 0.75,
      "btc_pct_after": 0.7501,
      "portfolio_usdt": 79973.27,
      "signals": []
    },
    {
      "num": 118,
      "timestamp": "2017-08-23T03:00:00+00:00",
      "direction": "BUY",
      "price": 4095.61,
      "qty": 2.016148,
      "btc_pct_before": 0.7443,
      "btc_pct_target": 0.85,
      "btc_pct_after": 0.8501,
      "portfolio_usdt": 78134.35,
      "signals": []
    },
    {
      "num": 119,
      "timestamp": "2017-08-26T19:00:00+00:00",
      "direction": "SELL",
      "price": 4323.69,
      "qty": 2.023123,
      "btc_pct_before": 0.8569,
      "btc_pct_target": 0.75,
      "btc_pct_after": 0.7501,
      "portfolio_usdt": 81820.49,
      "signals": []
    },
    {
      "num": 120,
      "timestamp": "2017-09-02T15:00:00+00:00",
      "direction": "SELL",
      "price": 4591.55,
      "qty": 3.005874,
      "btc_pct_before": 0.7612,
      "btc_pct_target": 0.6,
      "btc_pct_after": 0.6001,
      "portfolio_usdt": 85609.07,
      "signals": []
    },
    {
      "num": 121,
      "timestamp": "2017-09-05T15:00:00+00:00",
      "direction": "BUY",
      "price": 4246.85,
      "qty": 3.24708,
      "btc_pct_before": 0.5813,
      "btc_pct_target": 0.75,
      "btc_pct_after": 0.7502,
      "portfolio_usdt": 81732.22,
      "signals": []
    },
    {
      "num": 122,
      "timestamp": "2017-09-11T07:00:00+00:00",
      "direction": "BUY",
      "price": 4160.01,
      "qty": 2.005683,
      "btc_pct_before": 0.7463,
      "btc_pct_target": 0.85,
      "btc_pct_after": 0.8501,
      "portfolio_usdt": 80458.08,
      "signals": []
    },
    {
      "num": 123,
      "timestamp": "2017-09-16T03:00:00+00:00",
      "direction": "BUY",
      "price": 3759.48,
      "qty": 2.224548,
      "btc_pct_before": 0.8368,
      "btc_pct_target": 0.95,
      "btc_pct_after": 0.9502,
      "portfolio_usdt": 73860.97,
      "signals": []
    },
    {
      "num": 124,
      "timestamp": "2017-09-20T15:00:00+00:00",
      "direction": "SELL",
      "price": 4000.0,
      "qty": 2.017532,
      "btc_pct_before": 0.953,
      "btc_pct_target": 0.85,
      "btc_pct_after": 0.8501,
      "portfolio_usdt": 78337.55,
      "signals": []
    },
    {
      "num": 125,
      "timestamp": "2017-09-23T15:00:00+00:00",
      "direction": "BUY",
      "price": 3724.0,
      "qty": 2.162186,
      "btc_pct_before": 0.8408,
      "btc_pct_target": 0.95,
      "btc_pct_after": 0.9502,
      "portfolio_usdt": 73730.95,
      "signals": []
    },
    {
      "num": 126,
      "timestamp": "2017-09-29T04:00:00+00:00",
      "direction": "SELL",
      "price": 4080.02,
      "qty": 2.055826,
      "btc_pct_before": 0.9543,
      "btc_pct_target": 0.85,
      "btc_pct_after": 0.8501,
      "portfolio_usdt": 80415.22,
      "signals": []
    },
    {
      "num": 127,
      "timestamp": "2017-10-02T04:00:00+00:00",
      "direction": "SELL",
      "price": 4387.35,
      "qty": 2.128423,
      "btc_pct_before": 0.8592,
      "btc_pct_target": 0.75,
      "btc_pct_after": 0.7501,
      "portfolio_usdt": 85551.37,
      "signals": []
    },
    {
      "num": 128,
      "timestamp": "2017-10-05T04:00:00+00:00",
      "direction": "BUY",
      "price": 4164.83,
      "qty": 2.168487,
      "btc_pct_before": 0.7402,
      "btc_pct_target": 0.85,
      "btc_pct_after": 0.8501,
      "portfolio_usdt": 82283.09,
      "signals": []
    },
    {
      "num": 129,
      "timestamp": "2017-10-08T04:00:00+00:00",
      "direction": "SELL",
      "price": 4419.99,
      "qty": 4.064523,
      "btc_pct_before": 0.8576,
      "btc_pct_target": 0.65,
      "btc_pct_after": 0.6502,
      "portfolio_usdt": 86554.49,
      "signals": []
    },
    {
      "num": 130,
      "timestamp": "2017-10-11T04:00:00+00:00",
      "direction": "BUY",
      "price": 4735.9,
      "qty": 3.523054,
      "btc_pct_before": 0.6657,
      "btc_pct_target": 0.85,
      "btc_pct_after": 0.8502,
      "portfolio_usdt": 90548.65,
      "signals": []
    },
    {
      "num": 131,
      "timestamp": "2017-10-14T04:00:00+00:00",
      "direction": "SELL",
      "price": 5645.84,
      "qty": 3.194607,
      "btc_pct_before": 0.8713,
      "btc_pct_target": 0.7,
      "btc_pct_after": 0.7002,
      "portfolio_usdt": 105311.67,
      "signals": []
    },
    {
      "num": 132,
      "timestamp": "2017-10-19T12:00:00+00:00",
      "direction": "BUY",
      "price": 5651.87,
      "qty": 2.788803,
      "btc_pct_before": 0.7004,
      "btc_pct_target": 0.85,
      "btc_pct_after": 0.8502,
      "portfolio_usdt": 105363.36,
      "signals": []
    },
    {
      "num": 133,
      "timestamp": "2017-10-22T12:00:00+00:00",
      "direction": "SELL",
      "price": 5866.9,
      "qty": 1.944112,
      "btc_pct_before": 0.8549,
      "btc_pct_target": 0.75,
      "btc_pct_after": 0.7501,
      "portfolio_usdt": 108747.04,
      "signals": []
    },
    {
      "num": 134,
      "timestamp": "2017-10-26T04:00:00+00:00",
      "direction": "BUY",
      "price": 5744.18,
      "qty": 1.935188,
      "btc_pct_before": 0.7461,
      "btc_pct_target": 0.85,
      "btc_pct_after": 0.8501,
      "portfolio_usdt": 107023.92,
      "signals": []
    },
    {
      "num": 135,
      "timestamp": "2017-10-29T04:00:00+00:00",
      "direction": "SELL",
      "price": 5776.88,
      "qty": 1.8772,
      "btc_pct_before": 0.8509,
      "btc_pct_target": 0.75,
      "btc_pct_after": 0.7501,
      "portfolio_usdt": 107525.11,
      "signals": []
    },
    {
      "num": 136,
      "timestamp": "2017-11-04T04:00:00+00:00",
      "direction": "SELL",
      "price": 7239.82,
      "qty": 3.357464,
      "btc_pct_before": 0.79,
      "btc_pct_target": 0.6,
      "btc_pct_after": 0.6002,
      "portfolio_usdt": 127931.13,
      "signals": []
    },
    {
      "num": 137,
      "timestamp": "2017-11-07T04:00:00+00:00",
      "direction": "BUY",
      "price": 7200.0,
      "qty": 2.676093,
      "btc_pct_before": 0.5988,
      "btc_pct_target": 0.75,
      "btc_pct_after": 0.7502,
      "portfolio_usdt": 127472.5,
      "signals": []
    },
    {
      "num": 138,
      "timestamp": "2017-11-13T01:00:00+00:00",
      "direction": "BUY",
      "price": 5899.0,
      "qty": 2.596025,
      "btc_pct_before": 0.711,
      "btc_pct_target": 0.85,
      "btc_pct_after": 0.8502,
      "portfolio_usdt": 110168.41,
      "signals": []
    },
    {
      "num": 139,
      "timestamp": "2017-11-18T05:00:00+00:00",
      "direction": "SELL",
      "price": 7690.03,
      "qty": 2.359153,
      "btc_pct_before": 0.8809,
      "btc_pct_target": 0.75,
      "btc_pct_after": 0.7501,
      "portfolio_usdt": 138576.98,
      "signals": []
    },
    {
      "num": 140,
      "timestamp": "2017-11-29T09:00:00+00:00",
      "direction": "SELL",
      "price": 10709.96,
      "qty": 1.792017,
      "btc_pct_before": 0.807,
      "btc_pct_target": 0.7,
      "btc_pct_after": 0.7001,
      "portfolio_usdt": 179364.89,
      "signals": []
    },
    {
      "num": 141,
      "timestamp": "2017-12-04T12:00:00+00:00",
      "direction": "SELL",
      "price": 11168.4,
      "qty": 1.800035,
      "btc_pct_before": 0.7088,
      "btc_pct_target": 0.6,
      "btc_pct_after": 0.6001,
      "portfolio_usdt": 184710.52,
      "signals": []
    },
    {
      "num": 142,
      "timestamp": "2017-12-10T02:00:00+00:00",
      "direction": "BUY",
      "price": 13465.0,
      "qty": 1.632867,
      "btc_pct_before": 0.644,
      "btc_pct_target": 0.75,
      "btc_pct_after": 0.7501,
      "portfolio_usdt": 207470.02,
      "signals": []
    },
    {
      "num": 143,
      "timestamp": "2017-12-13T08:00:00+00:00",
      "direction": "SELL",
      "price": 16560.0,
      "qty": 2.744366,
      "btc_pct_before": 0.7869,
      "btc_pct_target": 0.6,
      "btc_pct_after": 0.6002,
      "portfolio_usdt": 243203.07,
      "signals": []
    },
    {
      "num": 144,
      "timestamp": "2017-12-18T00:00:00+00:00",
      "direction": "BUY",
      "price": 18001.0,
      "qty": 3.268606,
      "btc_pct_before": 0.62,
      "btc_pct_target": 0.85,
      "btc_pct_after": 0.8503,
      "portfolio_usdt": 255832.59,
      "signals": []
    },
    {
      "num": 145,
      "timestamp": "2017-12-31T01:00:00+00:00",
      "direction": "SELL",
      "price": 13143.7,
      "qty": 3.834031,
      "btc_pct_before": 0.8057,
      "btc_pct_target": 0.55,
      "btc_pct_after": 0.5502,
      "portfolio_usdt": 197066.61,
      "signals": []
    },
    {
      "num": 146,
      "timestamp": "2018-01-12T13:00:00+00:00",
      "direction": "BUY",
      "price": 13766.1,
      "qty": 2.765745,
      "btc_pct_before": 0.5616,
      "btc_pct_target": 0.75,
      "btc_pct_after": 0.7502,
      "portfolio_usdt": 202123.54,
      "signals": []
    },
    {
      "num": 147,
      "timestamp": "2018-01-15T13:00:00+00:00",
      "direction": "SELL",
      "price": 14028.9,
      "qty": 1.515611,
      "btc_pct_before": 0.7537,
      "btc_pct_target": 0.65,
      "btc_pct_after": 0.6501,
      "portfolio_usdt": 204960.38,
      "signals": []
    },
    {
      "num": 148,
      "timestamp": "2018-01-18T13:00:00+00:00",
      "direction": "BUY",
      "price": 11351.2,
      "qty": 2.363561,
      "btc_pct_before": 0.6005,
      "btc_pct_target": 0.75,
      "btc_pct_after": 0.7502,
      "portfolio_usdt": 179499.95,
      "signals": []
    },
    {
      "num": 149,
      "timestamp": "2018-01-22T01:00:00+00:00",
      "direction": "SELL",
      "price": 11417.4,
      "qty": 1.598521,
      "btc_pct_before": 0.7513,
      "btc_pct_target": 0.65,
      "btc_pct_after": 0.6501,
      "portfolio_usdt": 180244.81,
      "signals": []
    },
    {
      "num": 150,
      "timestamp": "2018-01-25T01:00:00+00:00",
      "direction": "BUY",
      "price": 11390.0,
      "qty": 1.586851,
      "btc_pct_before": 0.6496,
      "btc_pct_target": 0.75,
      "btc_pct_after": 0.7501,
      "portfolio_usdt": 179936.28,
      "signals": []
    },
    {
      "num": 151,
      "timestamp": "2018-01-29T17:00:00+00:00",
      "direction": "SELL",
      "price": 11394.0,
      "qty": 1.582222,
      "btc_pct_before": 0.7502,
      "btc_pct_target": 0.65,
      "btc_pct_after": 0.6501,
      "portfolio_usdt": 179956.54,
      "signals": []
    },
    {
      "num": 152,
      "timestamp": "2018-02-01T17:00:00+00:00",
      "direction": "BUY",
      "price": 9136.2,
      "qty": 3.459599,
      "btc_pct_before": 0.5984,
      "btc_pct_target": 0.8,
      "btc_pct_after": 0.8002,
      "portfolio_usdt": 156750.74,
      "signals": []
    },
    {
      "num": 153,
      "timestamp": "2018-02-05T01:00:00+00:00",
      "direction": "SELL",
      "price": 8103.6,
      "qty": 3.172583,
      "btc_pct_before": 0.7804,
      "btc_pct_target": 0.6,
      "btc_pct_after": 0.6002,
      "portfolio_usdt": 142530.17,
      "signals": []
    },
    {
      "num": 154,
      "timestamp": "2018-02-08T01:00:00+00:00",
      "direction": "BUY",
      "price": 7909.9,
      "qty": 1.876038,
      "btc_pct_before": 0.5943,
      "btc_pct_target": 0.7,
      "btc_pct_after": 0.7001,
      "portfolio_usdt": 140447.49,
      "signals": []
    },
    {
      "num": 155,
      "timestamp": "2018-02-11T01:00:00+00:00",
      "direction": "SELL",
      "price": 8254.8,
      "qty": 2.787278,
      "btc_pct_before": 0.709,
      "btc_pct_target": 0.55,
      "btc_pct_after": 0.5501,
      "portfolio_usdt": 144712.04,
      "signals": []
    },
    {
      "num": 156,
      "timestamp": "2018-02-14T01:00:00+00:00",
      "direction": "SELL",
      "price": 8652.0,
      "qty": 1.917833,
      "btc_pct_before": 0.5617,
      "btc_pct_target": 0.45,
      "btc_pct_after": 0.4501,
      "portfolio_usdt": 148507.28,
      "signals": []
    },
    {
      "num": 157,
      "timestamp": "2018-02-17T01:00:00+00:00",
      "direction": "BUY",
      "price": 10311.2,
      "qty": 4.008222,
      "btc_pct_before": 0.4938,
      "btc_pct_target": 0.75,
      "btc_pct_after": 0.7503,
      "portfolio_usdt": 161298.1,
      "signals": []
    },
    {
      "num": 158,
      "timestamp": "2018-02-20T01:00:00+00:00",
      "direction": "SELL",
      "price": 11464.5,
      "qty": 1.823534,
      "btc_pct_before": 0.7696,
      "btc_pct_target": 0.65,
      "btc_pct_after": 0.6501,
      "portfolio_usdt": 174766.87,
      "signals": []
    },
    {
      "num": 159,
      "timestamp": "2018-02-26T13:00:00+00:00",
      "direction": "BUY",
      "price": 10100.0,
      "qty": 2.062701,
      "btc_pct_before": 0.6208,
      "btc_pct_target": 0.75,
      "btc_pct_after": 0.7501,
      "portfolio_usdt": 161215.08,
      "signals": []
    },
    {
      "num": 160,
      "timestamp": "2018-03-01T13:00:00+00:00",
      "direction": "SELL",
      "price": 10787.9,
      "qty": 4.904375,
      "btc_pct_before": 0.7623,
      "btc_pct_target": 0.45,
      "btc_pct_after": 0.4502,
      "portfolio_usdt": 169418.96,
      "signals": []
    },
    {
      "num": 161,
      "timestamp": "2018-03-04T13:00:00+00:00",
      "direction": "BUY",
      "price": 11199.9,
      "qty": 2.929773,
      "btc_pct_before": 0.4595,
      "btc_pct_target": 0.65,
      "btc_pct_after": 0.6502,
      "portfolio_usdt": 172251.26,
      "signals": []
    },
    {
      "num": 162,
      "timestamp": "2018-03-07T13:00:00+00:00",
      "direction": "SELL",
      "price": 10531.4,
      "qty": 2.924286,
      "btc_pct_before": 0.6361,
      "btc_pct_target": 0.45,
      "btc_pct_after": 0.4501,
      "portfolio_usdt": 165519.15,
      "signals": []
    },
    {
      "num": 163,
      "timestamp": "2018-03-10T13:00:00+00:00",
      "direction": "BUY",
      "price": 9263.4,
      "qty": 5.59871,
      "btc_pct_before": 0.4186,
      "btc_pct_target": 0.75,
      "btc_pct_after": 0.7504,
      "portfolio_usdt": 156505.0,
      "signals": []
    },
    {
      "num": 164,
      "timestamp": "2018-03-13T13:00:00+00:00",
      "direction": "SELL",
      "price": 9106.3,
      "qty": 3.343619,
      "btc_pct_before": 0.7472,
      "btc_pct_target": 0.55,
      "btc_pct_after": 0.5502,
      "portfolio_usdt": 154436.53,
      "signals": []
    },
    {
      "num": 165,
      "timestamp": "2018-03-30T01:00:00+00:00",
      "direction": "BUY",
      "price": 6928.0,
      "qty": 2.283743,
      "btc_pct_before": 0.482,
      "btc_pct_target": 0.6,
      "btc_pct_after": 0.6001,
      "portfolio_usdt": 134072.54,
      "signals": []
    },
    {
      "num": 166,
      "timestamp": "2018-04-02T01:00:00+00:00",
      "direction": "SELL",
      "price": 6925.1,
      "qty": 1.935318,
      "btc_pct_before": 0.6,
      "btc_pct_target": 0.5,
      "btc_pct_after": 0.5001,
      "portfolio_usdt": 134015.13,
      "signals": []
    },
    {
      "num": 167,
      "timestamp": "2018-04-07T01:00:00+00:00",
      "direction": "SELL",
      "price": 6826.0,
      "qty": 3.829158,
      "btc_pct_before": 0.4965,
      "btc_pct_target": 0.3,
      "btc_pct_after": 0.3001,
      "portfolio_usdt": 133036.14,
      "signals": []
    },
    {
      "num": 168,
      "timestamp": "2018-05-26T01:00:00+00:00",
      "direction": "BUY",
      "price": 7445.3,
      "qty": 3.327891,
      "btc_pct_before": 0.3186,
      "btc_pct_target": 0.5,
      "btc_pct_after": 0.5001,
      "portfolio_usdt": 136617.94,
      "signals": []
    },
    {
      "num": 169,
      "timestamp": "2018-05-30T01:00:00+00:00",
      "direction": "SELL",
      "price": 7507.0,
      "qty": 2.780558,
      "btc_pct_before": 0.5022,
      "btc_pct_target": 0.35,
      "btc_pct_after": 0.3501,
      "portfolio_usdt": 137146.85,
      "signals": []
    },
    {
      "num": 170,
      "timestamp": "2018-06-12T17:00:00+00:00",
      "direction": "BUY",
      "price": 6718.3,
      "qty": 3.435086,
      "btc_pct_before": 0.3253,
      "btc_pct_target": 0.5,
      "btc_pct_after": 0.5001,
      "portfolio_usdt": 132072.44,
      "signals": []
    },
    {
      "num": 171,
      "timestamp": "2018-06-17T01:00:00+00:00",
      "direction": "SELL",
      "price": 6515.7,
      "qty": 2.843679,
      "btc_pct_before": 0.4925,
      "btc_pct_target": 0.35,
      "btc_pct_after": 0.3501,
      "portfolio_usdt": 130046.39,
      "signals": []
    },
    {
      "num": 172,
      "timestamp": "2018-06-25T01:00:00+00:00",
      "direction": "BUY",
      "price": 6135.4,
      "qty": 3.393645,
      "btc_pct_before": 0.3365,
      "btc_pct_target": 0.5,
      "btc_pct_after": 0.5001,
      "portfolio_usdt": 127361.97,
      "signals": []
    },
    {
      "num": 173,
      "timestamp": "2018-06-28T01:00:00+00:00",
      "direction": "SELL",
      "price": 6139.0,
      "qty": 3.117692,
      "btc_pct_before": 0.5003,
      "btc_pct_target": 0.35,
      "btc_pct_after": 0.3501,
      "portfolio_usdt": 127368.08,
      "signals": []
    },
    {
      "num": 174,
      "timestamp": "2018-07-23T05:00:00+00:00",
      "direction": "SELL",
      "price": 7657.0,
      "qty": 1.84056,
      "btc_pct_before": 0.4019,
      "btc_pct_target": 0.3,
      "btc_pct_after": 0.3,
      "portfolio_usdt": 138362.46,
      "signals": []
    },
    {
      "num": 175,
      "timestamp": "2018-08-08T01:00:00+00:00",
      "direction": "BUY",
      "price": 6587.0,
      "qty": 4.639769,
      "btc_pct_before": 0.2694,
      "btc_pct_target": 0.5,
      "btc_pct_after": 0.5002,
      "portfolio_usdt": 132540.83,
      "signals": []
    },
    {
      "num": 176,
      "timestamp": "2018-08-13T01:00:00+00:00",
      "direction": "SELL",
      "price": 6322.0,
      "qty": 2.873171,
      "btc_pct_before": 0.4899,
      "btc_pct_target": 0.35,
      "btc_pct_after": 0.3501,
      "portfolio_usdt": 129828.88,
      "signals": []
    },
    {
      "num": 177,
      "timestamp": "2018-11-17T09:00:00+00:00",
      "direction": "BUY",
      "price": 5601.2,
      "qty": 3.936857,
      "btc_pct_before": 0.3231,
      "btc_pct_target": 0.5,
      "btc_pct_after": 0.5001,
      "portfolio_usdt": 124620.81,
      "signals": []
    },
    {
      "num": 178,
      "timestamp": "2018-12-08T21:00:00+00:00",
      "direction": "BUY",
      "price": 3310.1,
      "qty": 3.844929,
      "btc_pct_before": 0.3716,
      "btc_pct_target": 0.5,
      "btc_pct_after": 0.5001,
      "portfolio_usdt": 99100.45,
      "signals": []
    },
    {
      "num": 179,
      "timestamp": "2018-12-14T01:00:00+00:00",
      "direction": "SELL",
      "price": 3309.7,
      "qty": 2.995466,
      "btc_pct_before": 0.5001,
      "btc_pct_target": 0.4,
      "btc_pct_after": 0.4001,
      "portfolio_usdt": 99075.34,
      "signals": []
    },
    {
      "num": 180,
      "timestamp": "2018-12-17T01:00:00+00:00",
      "direction": "BUY",
      "price": 3233.9,
      "qty": 3.201681,
      "btc_pct_before": 0.3945,
      "btc_pct_target": 0.5,
      "btc_pct_after": 0.5001,
      "portfolio_usdt": 98152.87,
      "signals": []
    },
    {
      "num": 181,
      "timestamp": "2018-12-20T01:00:00+00:00",
      "direction": "SELL",
      "price": 3728.5,
      "qty": 5.25873,
      "btc_pct_before": 0.5356,
      "btc_pct_target": 0.35,
      "btc_pct_after": 0.3501,
      "portfolio_usdt": 105643.18,
      "signals": []
    },
    {
      "num": 182,
      "timestamp": "2018-12-26T09:00:00+00:00",
      "direction": "BUY",
      "price": 3699.6,
      "qty": 2.894562,
      "btc_pct_before": 0.3483,
      "btc_pct_target": 0.45,
      "btc_pct_after": 0.4501,
      "portfolio_usdt": 105327.2,
      "signals": []
    },
    {
      "num": 183,
      "timestamp": "2018-12-31T13:00:00+00:00",
      "direction": "SELL",
      "price": 3730.9,
      "qty": 2.894473,
      "btc_pct_before": 0.4522,
      "btc_pct_target": 0.35,
      "btc_pct_after": 0.3501,
      "portfolio_usdt": 105712.13,
      "signals": []
    },
    {
      "num": 184,
      "timestamp": "2019-01-13T05:00:00+00:00",
      "direction": "BUY",
      "price": 3581.4,
      "qty": 3.177344,
      "btc_pct_before": 0.3408,
      "btc_pct_target": 0.45,
      "btc_pct_after": 0.4501,
      "portfolio_usdt": 104213.34,
      "signals": []
    },
    {
      "num": 185,
      "timestamp": "2019-01-22T17:00:00+00:00",
      "direction": "SELL",
      "price": 3581.0,
      "qty": 2.910891,
      "btc_pct_before": 0.45,
      "btc_pct_target": 0.35,
      "btc_pct_after": 0.3501,
      "portfolio_usdt": 104191.03,
      "signals": []
    },
    {
      "num": 186,
      "timestamp": "2019-01-25T17:00:00+00:00",
      "direction": "BUY",
      "price": 3561.1,
      "qty": 2.955133,
      "btc_pct_before": 0.3488,
      "btc_pct_target": 0.45,
      "btc_pct_after": 0.4501,
      "portfolio_usdt": 103972.75,
      "signals": []
    },
    {
      "num": 187,
      "timestamp": "2019-02-11T05:00:00+00:00",
      "direction": "SELL",
      "price": 3620.5,
      "qty": 3.013418,
      "btc_pct_before": 0.4542,
      "btc_pct_target": 0.35,
      "btc_pct_after": 0.3501,
      "portfolio_usdt": 104737.39,
      "signals": []
    },
    {
      "num": 188,
      "timestamp": "2019-02-17T13:00:00+00:00",
      "direction": "BUY",
      "price": 3613.7,
      "qty": 2.906784,
      "btc_pct_before": 0.3496,
      "btc_pct_target": 0.45,
      "btc_pct_after": 0.4501,
      "portfolio_usdt": 104652.18,
      "signals": []
    },
    {
      "num": 189,
      "timestamp": "2019-02-21T05:00:00+00:00",
      "direction": "SELL",
      "price": 3984.5,
      "qty": 3.41616,
      "btc_pct_before": 0.4743,
      "btc_pct_target": 0.35,
      "btc_pct_after": 0.3501,
      "portfolio_usdt": 109468.65,
      "signals": []
    },
    {
      "num": 190,
      "timestamp": "2019-02-27T13:00:00+00:00",
      "direction": "BUY",
      "price": 3821.1,
      "qty": 3.088599,
      "btc_pct_before": 0.3406,
      "btc_pct_target": 0.45,
      "btc_pct_after": 0.4501,
      "portfolio_usdt": 107877.03,
      "signals": []
    },
    {
      "num": 191,
      "timestamp": "2019-03-04T01:00:00+00:00",
      "direction": "SELL",
      "price": 3824.3,
      "qty": 2.82936,
      "btc_pct_before": 0.4503,
      "btc_pct_target": 0.35,
      "btc_pct_after": 0.3501,
      "portfolio_usdt": 107899.98,
      "signals": []
    },
    {
      "num": 192,
      "timestamp": "2019-04-03T01:00:00+00:00",
      "direction": "SELL",
      "price": 4939.0,
      "qty": 2.653418,
      "btc_pct_before": 0.4102,
      "btc_pct_target": 0.3,
      "btc_pct_after": 0.3,
      "portfolio_usdt": 118891.43,
      "signals": []
    },
    {
      "num": 193,
      "timestamp": "2019-04-14T13:00:00+00:00",
      "direction": "BUY",
      "price": 5056.1,
      "qty": 3.433429,
      "btc_pct_before": 0.305,
      "btc_pct_target": 0.45,
      "btc_pct_after": 0.4501,
      "portfolio_usdt": 119717.43,
      "signals": []
    },
    {
      "num": 194,
      "timestamp": "2019-04-19T13:00:00+00:00",
      "direction": "SELL",
      "price": 5236.6,
      "qty": 2.526632,
      "btc_pct_before": 0.4588,
      "btc_pct_target": 0.35,
      "btc_pct_after": 0.3501,
      "portfolio_usdt": 121614.6,
      "signals": []
    },
    {
      "num": 195,
      "timestamp": "2019-04-22T13:00:00+00:00",
      "direction": "BUY",
      "price": 5269.5,
      "qty": 9.216073,
      "btc_pct_before": 0.3515,
      "btc_pct_target": 0.75,
      "btc_pct_after": 0.7504,
      "portfolio_usdt": 121862.18,
      "signals": []
    },
    {
      "num": 196,
      "timestamp": "2019-05-04T21:00:00+00:00",
      "direction": "SELL",
      "price": 5815.3,
      "qty": 3.801981,
      "btc_pct_before": 0.7684,
      "btc_pct_target": 0.6,
      "btc_pct_after": 0.6002,
      "portfolio_usdt": 131255.96,
      "signals": []
    },
    {
      "num": 197,
      "timestamp": "2019-05-07T21:00:00+00:00",
      "direction": "BUY",
      "price": 5949.6,
      "qty": 5.464735,
      "btc_pct_before": 0.6056,
      "btc_pct_target": 0.85,
      "btc_pct_after": 0.8503,
      "portfolio_usdt": 133041.55,
      "signals": []
    },
    {
      "num": 198,
      "timestamp": "2019-05-10T21:00:00+00:00",
      "direction": "SELL",
      "price": 6370.3,
      "qty": 3.514632,
      "btc_pct_before": 0.8588,
      "btc_pct_target": 0.7,
      "btc_pct_after": 0.7002,
      "portfolio_usdt": 140989.13,
      "signals": []
    },
    {
      "num": 199,
      "timestamp": "2019-05-15T09:00:00+00:00",
      "direction": "SELL",
      "price": 8049.3,
      "qty": 3.04671,
      "btc_pct_before": 0.7469,
      "btc_pct_target": 0.6,
      "btc_pct_after": 0.6001,
      "portfolio_usdt": 166967.58,
      "signals": []
    },
    {
      "num": 200,
      "timestamp": "2019-05-18T09:00:00+00:00",
      "direction": "BUY",
      "price": 7277.6,
      "qty": 3.767544,
      "btc_pct_before": 0.5757,
      "btc_pct_target": 0.75,
      "btc_pct_after": 0.7502,
      "portfolio_usdt": 157326.35,
      "signals": []
    },
    {
      "num": 201,
      "timestamp": "2019-06-22T01:00:00+00:00",
      "direction": "SELL",
      "price": 10460.0,
      "qty": 2.234645,
      "btc_pct_before": 0.8119,
      "btc_pct_target": 0.7,
      "btc_pct_after": 0.7001,
      "portfolio_usdt": 208882.77,
      "signals": []
    },
    {
      "num": 202,
      "timestamp": "2019-06-25T01:00:00+00:00",
      "direction": "SELL",
      "price": 11142.5,
      "qty": 2.219027,
      "btc_pct_before": 0.7132,
      "btc_pct_target": 0.6,
      "btc_pct_after": 0.6001,
      "portfolio_usdt": 218388.24,
      "signals": []
    },
    {
      "num": 203,
      "timestamp": "2019-06-28T01:00:00+00:00",
      "direction": "BUY",
      "price": 11492.5,
      "qty": 2.758446,
      "btc_pct_before": 0.6075,
      "btc_pct_target": 0.75,
      "btc_pct_after": 0.7502,
      "portfolio_usdt": 222467.07,
      "signals": []
    },
    {
      "num": 204,
      "timestamp": "2019-07-03T01:00:00+00:00",
      "direction": "BUY",
      "price": 11350.0,
      "qty": 1.983841,
      "btc_pct_before": 0.7478,
      "btc_pct_target": 0.85,
      "btc_pct_after": 0.8501,
      "portfolio_usdt": 220350.65,
      "signals": []
    },
    {
      "num": 205,
      "timestamp": "2019-07-06T09:00:00+00:00",
      "direction": "SELL",
      "price": 11372.5,
      "qty": 1.947965,
      "btc_pct_before": 0.8504,
      "btc_pct_target": 0.75,
      "btc_pct_after": 0.7501,
      "portfolio_usdt": 220688.15,
      "signals": []
    },
    {
      "num": 206,
      "timestamp": "2019-07-16T01:00:00+00:00",
      "direction": "BUY",
      "price": 10910.1,
      "qty": 2.112725,
      "btc_pct_before": 0.7423,
      "btc_pct_target": 0.85,
      "btc_pct_after": 0.8501,
      "portfolio_usdt": 213925.13,
      "signals": []
    },
    {
      "num": 207,
      "timestamp": "2019-08-01T01:00:00+00:00",
      "direction": "SELL",
      "price": 10020.1,
      "qty": 3.754035,
      "btc_pct_before": 0.839,
      "btc_pct_target": 0.65,
      "btc_pct_after": 0.6502,
      "portfolio_usdt": 199057.09,
      "signals": []
    },
    {
      "num": 208,
      "timestamp": "2019-08-04T09:00:00+00:00",
      "direction": "SELL",
      "price": 10737.0,
      "qty": 2.244803,
      "btc_pct_before": 0.6657,
      "btc_pct_target": 0.55,
      "btc_pct_after": 0.5501,
      "portfolio_usdt": 208257.84,
      "signals": []
    },
    {
      "num": 209,
      "timestamp": "2019-08-07T09:00:00+00:00",
      "direction": "BUY",
      "price": 11629.6,
      "qty": 3.374484,
      "btc_pct_before": 0.5698,
      "btc_pct_target": 0.75,
      "btc_pct_after": 0.7502,
      "portfolio_usdt": 217743.91,
      "signals": []
    },
    {
      "num": 210,
      "timestamp": "2019-08-16T05:00:00+00:00",
      "direction": "BUY",
      "price": 9903.5,
      "qty": 2.560726,
      "btc_pct_before": 0.7189,
      "btc_pct_target": 0.85,
      "btc_pct_after": 0.8502,
      "portfolio_usdt": 193446.39,
      "signals": []
    },
    {
      "num": 211,
      "timestamp": "2019-08-21T05:00:00+00:00",
      "direction": "SELL",
      "price": 10248.7,
      "qty": 2.030113,
      "btc_pct_before": 0.8545,
      "btc_pct_target": 0.75,
      "btc_pct_after": 0.7501,
      "portfolio_usdt": 199139.75,
      "signals": []
    },
    {
      "num": 212,
      "timestamp": "2019-08-24T09:00:00+00:00",
      "direction": "BUY",
      "price": 9978.0,
      "qty": 2.052434,
      "btc_pct_before": 0.7451,
      "btc_pct_target": 0.85,
      "btc_pct_after": 0.8501,
      "portfolio_usdt": 195163.63,
      "signals": []
    },
    {
      "num": 213,
      "timestamp": "2019-08-27T17:00:00+00:00",
      "direction": "SELL",
      "price": 10189.1,
      "qty": 2.003789,
      "btc_pct_before": 0.8528,
      "btc_pct_target": 0.75,
      "btc_pct_after": 0.7501,
      "portfolio_usdt": 198642.54,
      "signals": []
    },
    {
      "num": 214,
      "timestamp": "2019-08-31T01:00:00+00:00",
      "direction": "BUY",
      "price": 9624.1,
      "qty": 2.190066,
      "btc_pct_before": 0.7393,
      "btc_pct_target": 0.85,
      "btc_pct_after": 0.8501,
      "portfolio_usdt": 190350.68,
      "signals": []
    },
    {
      "num": 215,
      "timestamp": "2019-09-05T09:00:00+00:00",
      "direction": "SELL",
      "price": 10559.2,
      "qty": 2.177148,
      "btc_pct_before": 0.8616,
      "btc_pct_target": 0.75,
      "btc_pct_after": 0.7501,
      "portfolio_usdt": 206039.74,
      "signals": []
    },
    {
      "num": 216,
      "timestamp": "2019-09-08T09:00:00+00:00",
      "direction": "SELL",
      "price": 10490.2,
      "qty": 3.886723,
      "btc_pct_before": 0.7489,
      "btc_pct_target": 0.55,
      "btc_pct_after": 0.5502,
      "portfolio_usdt": 204995.47,
      "signals": []
    },
    {
      "num": 217,
      "timestamp": "2019-09-12T13:00:00+00:00",
      "direction": "BUY",
      "price": 10334.6,
      "qty": 2.036374,
      "btc_pct_before": 0.5465,
      "btc_pct_target": 0.65,
      "btc_pct_after": 0.6501,
      "portfolio_usdt": 203261.94,
      "signals": []
    },
    {
      "num": 218,
      "timestamp": "2019-09-16T01:00:00+00:00",
      "direction": "SELL",
      "price": 10344.0,
      "qty": 1.971928,
      "btc_pct_before": 0.6503,
      "btc_pct_target": 0.55,
      "btc_pct_after": 0.5501,
      "portfolio_usdt": 203350.53,
      "signals": []
    },
    {
      "num": 219,
      "timestamp": "2019-09-20T01:00:00+00:00",
      "direction": "BUY",
      "price": 10199.7,
      "qty": 6.001469,
      "btc_pct_before": 0.5466,
      "btc_pct_target": 0.85,
      "btc_pct_after": 0.8504,
      "portfolio_usdt": 201759.73,
      "signals": []
    },
    {
      "num": 220,
      "timestamp": "2019-09-25T05:00:00+00:00",
      "direction": "SELL",
      "price": 8495.6,
      "qty": 2.558092,
      "btc_pct_before": 0.8256,
      "btc_pct_target": 0.7,
      "btc_pct_after": 0.7001,
      "portfolio_usdt": 173015.47,
      "signals": []
    },
    {
      "num": 221,
      "timestamp": "2019-09-28T05:00:00+00:00",
      "direction": "BUY",
      "price": 8155.0,
      "qty": 2.23747,
      "btc_pct_before": 0.6915,
      "btc_pct_target": 0.8,
      "btc_pct_after": 0.8001,
      "portfolio_usdt": 168127.39,
      "signals": []
    },
    {
      "num": 222,
      "timestamp": "2019-10-03T21:00:00+00:00",
      "direction": "SELL",
      "price": 8165.0,
      "qty": 2.06753,
      "btc_pct_before": 0.8003,
      "btc_pct_target": 0.7,
      "btc_pct_after": 0.7001,
      "portfolio_usdt": 168264.93,
      "signals": []
    },
    {
      "num": 223,
      "timestamp": "2019-10-09T05:00:00+00:00",
      "direction": "BUY",
      "price": 8148.6,
      "qty": 2.068276,
      "btc_pct_before": 0.6997,
      "btc_pct_target": 0.8,
      "btc_pct_after": 0.8001,
      "portfolio_usdt": 168003.04,
      "signals": []
    },
    {
      "num": 224,
      "timestamp": "2019-10-12T05:00:00+00:00",
      "direction": "SELL",
      "price": 8330.0,
      "qty": 5.205409,
      "btc_pct_before": 0.8036,
      "btc_pct_target": 0.55,
      "btc_pct_after": 0.5502,
      "portfolio_usdt": 170969.76,
      "signals": []
    },
    {
      "num": 225,
      "timestamp": "2019-10-17T01:00:00+00:00",
      "direction": "BUY",
      "price": 7958.4,
      "qty": 3.37485,
      "btc_pct_before": 0.5389,
      "btc_pct_target": 0.7,
      "btc_pct_after": 0.7002,
      "portfolio_usdt": 166709.95,
      "signals": []
    },
    {
      "num": 226,
      "timestamp": "2019-10-20T01:00:00+00:00",
      "direction": "BUY",
      "price": 7902.6,
      "qty": 2.126186,
      "btc_pct_before": 0.6987,
      "btc_pct_target": 0.8,
      "btc_pct_after": 0.8001,
      "portfolio_usdt": 165851.43,
      "signals": []
    },
    {
      "num": 227,
      "timestamp": "2019-10-23T01:00:00+00:00",
      "direction": "SELL",
      "price": 8032.4,
      "qty": 5.285767,
      "btc_pct_before": 0.8027,
      "btc_pct_target": 0.55,
      "btc_pct_after": 0.5502,
      "portfolio_usdt": 168005.51,
      "signals": []
    },
    {
      "num": 228,
      "timestamp": "2019-10-26T01:00:00+00:00",
      "direction": "BUY",
      "price": 10025.7,
      "qty": 4.678769,
      "btc_pct_before": 0.6042,
      "btc_pct_target": 0.85,
      "btc_pct_after": 0.8503,
      "portfolio_usdt": 190872.33,
      "signals": []
    },
    {
      "num": 229,
      "timestamp": "2019-11-15T01:00:00+00:00",
      "direction": "SELL",
      "price": 8555.0,
      "qty": 5.446,
      "btc_pct_before": 0.829,
      "btc_pct_target": 0.55,
      "btc_pct_after": 0.5502,
      "portfolio_usdt": 167002.27,
      "signals": []
    },
    {
      "num": 230,
      "timestamp": "2019-11-18T01:00:00+00:00",
      "direction": "BUY",
      "price": 8481.8,
      "qty": 1.996023,
      "btc_pct_before": 0.5481,
      "btc_pct_target": 0.65,
      "btc_pct_after": 0.6501,
      "portfolio_usdt": 166146.47,
      "signals": []
    },
    {
      "num": 231,
      "timestamp": "2019-11-24T01:00:00+00:00",
      "direction": "BUY",
      "price": 7253.6,
      "qty": 3.864189,
      "btc_pct_before": 0.6137,
      "btc_pct_target": 0.8,
      "btc_pct_after": 0.8002,
      "portfolio_usdt": 150482.92,
      "signals": []
    },
    {
      "num": 232,
      "timestamp": "2019-11-27T01:00:00+00:00",
      "direction": "SELL",
      "price": 7145.2,
      "qty": 4.114956,
      "btc_pct_before": 0.7978,
      "btc_pct_target": 0.6,
      "btc_pct_after": 0.6002,
      "portfolio_usdt": 148641.76,
      "signals": []
    },
    {
      "num": 233,
      "timestamp": "2019-11-30T01:00:00+00:00",
      "direction": "SELL",
      "price": 7747.7,
      "qty": 3.414208,
      "btc_pct_before": 0.6194,
      "btc_pct_target": 0.45,
      "btc_pct_after": 0.4501,
      "portfolio_usdt": 156117.97,
      "signals": []
    },
    {
      "num": 234,
      "timestamp": "2019-12-18T21:00:00+00:00",
      "direction": "BUY",
      "price": 7124.0,
      "qty": 3.601359,
      "btc_pct_before": 0.4294,
      "btc_pct_target": 0.6,
      "btc_pct_after": 0.6002,
      "portfolio_usdt": 150422.85,
      "signals": []
    },
    {
      "num": 235,
      "timestamp": "2019-12-21T21:00:00+00:00",
      "direction": "SELL",
      "price": 7130.9,
      "qty": 3.173347,
      "btc_pct_before": 0.6004,
      "btc_pct_target": 0.45,
      "btc_pct_after": 0.4501,
      "portfolio_usdt": 150471.78,
      "signals": []
    },
    {
      "num": 236,
      "timestamp": "2019-12-24T21:00:00+00:00",
      "direction": "SELL",
      "price": 7252.8,
      "qty": 2.180047,
      "btc_pct_before": 0.4543,
      "btc_pct_target": 0.35,
      "btc_pct_after": 0.3501,
      "portfolio_usdt": 151595.35,
      "signals": []
    },
    {
      "num": 237,
      "timestamp": "2020-02-08T01:00:00+00:00",
      "direction": "BUY",
      "price": 9787.4,
      "qty": 7.458181,
      "btc_pct_before": 0.4209,
      "btc_pct_target": 0.85,
      "btc_pct_after": 0.8505,
      "portfolio_usdt": 170113.68,
      "signals": []
    },
    {
      "num": 238,
      "timestamp": "2020-02-11T01:00:00+00:00",
      "direction": "SELL",
      "price": 9810.7,
      "qty": 1.751102,
      "btc_pct_before": 0.8508,
      "btc_pct_target": 0.75,
      "btc_pct_after": 0.7501,
      "portfolio_usdt": 170348.4,
      "signals": []
    },
    {
      "num": 239,
      "timestamp": "2020-02-19T21:00:00+00:00",
      "direction": "BUY",
      "price": 9600.0,
      "qty": 1.815053,
      "btc_pct_before": 0.746,
      "btc_pct_target": 0.85,
      "btc_pct_after": 0.8501,
      "portfolio_usdt": 167578.76,
      "signals": []
    },
    {
      "num": 240,
      "timestamp": "2020-02-24T21:00:00+00:00",
      "direction": "SELL",
      "price": 9609.2,
      "qty": 1.749532,
      "btc_pct_before": 0.8503,
      "btc_pct_target": 0.75,
      "btc_pct_after": 0.7501,
      "portfolio_usdt": 167689.12,
      "signals": []
    },
    {
      "num": 241,
      "timestamp": "2020-02-27T21:00:00+00:00",
      "direction": "SELL",
      "price": 8762.4,
      "qty": 3.259873,
      "btc_pct_before": 0.7324,
      "btc_pct_target": 0.55,
      "btc_pct_after": 0.5502,
      "portfolio_usdt": 156580.86,
      "signals": []
    },
    {
      "num": 242,
      "timestamp": "2020-03-01T21:00:00+00:00",
      "direction": "BUY",
      "price": 8526.7,
      "qty": 6.449904,
      "btc_pct_before": 0.5434,
      "btc_pct_target": 0.9,
      "btc_pct_after": 0.9005,
      "portfolio_usdt": 154221.5,
      "signals": []
    },
    {
      "num": 243,
      "timestamp": "2020-03-04T21:00:00+00:00",
      "direction": "SELL",
      "price": 8722.7,
      "qty": 6.357966,
      "btc_pct_before": 0.9025,
      "btc_pct_target": 0.55,
      "btc_pct_after": 0.5503,
      "portfolio_usdt": 157329.53,
      "signals": []
    },
    {
      "num": 244,
      "timestamp": "2020-03-08T09:00:00+00:00",
      "direction": "BUY",
      "price": 8712.4,
      "qty": 1.803712,
      "btc_pct_before": 0.55,
      "btc_pct_target": 0.65,
      "btc_pct_after": 0.6501,
      "portfolio_usdt": 157144.2,
      "signals": []
    },
    {
      "num": 245,
      "timestamp": "2020-03-13T05:00:00+00:00",
      "direction": "SELL",
      "price": 4951.5,
      "qty": 2.593137,
      "btc_pct_before": 0.5136,
      "btc_pct_target": 0.4,
      "btc_pct_after": 0.4001,
      "portfolio_usdt": 113028.02,
      "signals": []
    },
    {
      "num": 246,
      "timestamp": "2020-03-16T09:00:00+00:00",
      "direction": "BUY",
      "price": 4818.6,
      "qty": 2.469577,
      "btc_pct_before": 0.3936,
      "btc_pct_target": 0.5,
      "btc_pct_after": 0.5001,
      "portfolio_usdt": 111795.27,
      "signals": []
    },
    {
      "num": 247,
      "timestamp": "2020-03-20T01:00:00+00:00",
      "direction": "SELL",
      "price": 6160.1,
      "qty": 4.365316,
      "btc_pct_before": 0.5612,
      "btc_pct_target": 0.35,
      "btc_pct_after": 0.3501,
      "portfolio_usdt": 127339.33,
      "signals": []
    },
    {
      "num": 248,
      "timestamp": "2020-04-01T01:00:00+00:00",
      "direction": "BUY",
      "price": 6292.7,
      "qty": 3.975077,
      "btc_pct_before": 0.355,
      "btc_pct_target": 0.55,
      "btc_pct_after": 0.5502,
      "portfolio_usdt": 128258.38,
      "signals": []
    },
    {
      "num": 249,
      "timestamp": "2020-04-04T05:00:00+00:00",
      "direction": "SELL",
      "price": 6728.5,
      "qty": 2.308046,
      "btc_pct_before": 0.5667,
      "btc_pct_target": 0.45,
      "btc_pct_after": 0.4501,
      "portfolio_usdt": 133106.21,
      "signals": []
    },
    {
      "num": 250,
      "timestamp": "2020-04-13T01:00:00+00:00",
      "direction": "BUY",
      "price": 6691.9,
      "qty": 2.00906,
      "btc_pct_before": 0.4487,
      "btc_pct_target": 0.55,
      "btc_pct_after": 0.5501,
      "portfolio_usdt": 132757.12,
      "signals": []
    },
    {
      "num": 251,
      "timestamp": "2020-04-16T09:00:00+00:00",
      "direction": "SELL",
      "price": 7028.7,
      "qty": 2.177639,
      "btc_pct_before": 0.5622,
      "btc_pct_target": 0.45,
      "btc_pct_after": 0.4501,
      "portfolio_usdt": 136411.82,
      "signals": []
    },
    {
      "num": 252,
      "timestamp": "2020-04-28T01:00:00+00:00",
      "direction": "SELL",
      "price": 7690.1,
      "qty": 2.263149,
      "btc_pct_before": 0.4724,
      "btc_pct_target": 0.35,
      "btc_pct_after": 0.3501,
      "portfolio_usdt": 142165.23,
      "signals": []
    },
    {
      "num": 253,
      "timestamp": "2020-05-07T17:00:00+00:00",
      "direction": "SELL",
      "price": 9830.5,
      "qty": 1.710037,
      "btc_pct_before": 0.4078,
      "btc_pct_target": 0.3,
      "btc_pct_after": 0.3,
      "portfolio_usdt": 155988.31,
      "signals": []
    },
    {
      "num": 254,
      "timestamp": "2020-05-11T01:00:00+00:00",
      "direction": "BUY",
      "price": 8710.0,
      "qty": 3.021879,
      "btc_pct_before": 0.2753,
      "btc_pct_target": 0.45,
      "btc_pct_after": 0.4501,
      "portfolio_usdt": 150629.14,
      "signals": []
    },
    {
      "num": 255,
      "timestamp": "2020-05-14T01:00:00+00:00",
      "direction": "BUY",
      "price": 9272.5,
      "qty": 3.08094,
      "btc_pct_before": 0.4657,
      "btc_pct_target": 0.65,
      "btc_pct_after": 0.6502,
      "portfolio_usdt": 154967.12,
      "signals": []
    },
    {
      "num": 256,
      "timestamp": "2020-05-17T01:00:00+00:00",
      "direction": "BUY",
      "price": 9473.6,
      "qty": 3.233121,
      "btc_pct_before": 0.655,
      "btc_pct_target": 0.85,
      "btc_pct_after": 0.8502,
      "portfolio_usdt": 157108.83,
      "signals": []
    },
    {
      "num": 257,
      "timestamp": "2020-05-23T09:00:00+00:00",
      "direction": "BUY",
      "price": 9139.7,
      "qty": 1.739942,
      "btc_pct_before": 0.8456,
      "btc_pct_target": 0.95,
      "btc_pct_after": 0.9501,
      "portfolio_usdt": 152356.11,
      "signals": []
    },
    {
      "num": 258,
      "timestamp": "2020-05-31T17:00:00+00:00",
      "direction": "SELL",
      "price": 9504.5,
      "qty": 1.696296,
      "btc_pct_before": 0.952,
      "btc_pct_target": 0.85,
      "btc_pct_after": 0.8501,
      "portfolio_usdt": 158109.3,
      "signals": []
    },
    {
      "num": 259,
      "timestamp": "2020-06-12T01:00:00+00:00",
      "direction": "BUY",
      "price": 9337.8,
      "qty": 1.70338,
      "btc_pct_before": 0.8479,
      "btc_pct_target": 0.95,
      "btc_pct_after": 0.9501,
      "portfolio_usdt": 155728.0,
      "signals": []
    },
    {
      "num": 260,
      "timestamp": "2020-06-18T17:00:00+00:00",
      "direction": "SELL",
      "price": 9405.1,
      "qty": 1.674945,
      "btc_pct_before": 0.9505,
      "btc_pct_target": 0.85,
      "btc_pct_after": 0.8501,
      "portfolio_usdt": 156770.39,
      "signals": []
    },
    {
      "num": 261,
      "timestamp": "2020-06-28T17:00:00+00:00",
      "direction": "BUY",
      "price": 9153.9,
      "qty": 1.729596,
      "btc_pct_before": 0.8466,
      "btc_pct_target": 0.95,
      "btc_pct_after": 0.9501,
      "portfolio_usdt": 153187.68,
      "signals": []
    },
    {
      "num": 262,
      "timestamp": "2020-07-02T21:00:00+00:00",
      "direction": "SELL",
      "price": 9125.8,
      "qty": 1.673491,
      "btc_pct_before": 0.95,
      "btc_pct_target": 0.85,
      "btc_pct_after": 0.8501,
      "portfolio_usdt": 152717.19,
      "signals": []
    },
    {
      "num": 263,
      "timestamp": "2020-07-06T05:00:00+00:00",
      "direction": "BUY",
      "price": 9109.8,
      "qty": 1.675266,
      "btc_pct_before": 0.8499,
      "btc_pct_target": 0.95,
      "btc_pct_after": 0.9501,
      "portfolio_usdt": 152466.7,
      "signals": []
    },
    {
      "num": 264,
      "timestamp": "2020-07-09T17:00:00+00:00",
      "direction": "SELL",
      "price": 9206.9,
      "qty": 1.68327,
      "btc_pct_before": 0.9506,
      "btc_pct_target": 0.85,
      "btc_pct_after": 0.8501,
      "portfolio_usdt": 153987.67,
      "signals": []
    },
    {
      "num": 265,
      "timestamp": "2020-07-17T21:00:00+00:00",
      "direction": "BUY",
      "price": 9150.4,
      "qty": 1.684828,
      "btc_pct_before": 0.8493,
      "btc_pct_target": 0.95,
      "btc_pct_after": 0.9501,
      "portfolio_usdt": 153161.21,
      "signals": []
    },
    {
      "num": 266,
      "timestamp": "2020-07-25T01:00:00+00:00",
      "direction": "SELL",
      "price": 9565.0,
      "qty": 1.70671,
      "btc_pct_before": 0.9522,
      "btc_pct_target": 0.85,
      "btc_pct_after": 0.8501,
      "portfolio_usdt": 159730.74,
      "signals": []
    },
    {
      "num": 267,
      "timestamp": "2020-07-30T01:00:00+00:00",
      "direction": "SELL",
      "price": 11048.4,
      "qty": 2.741901,
      "btc_pct_before": 0.8676,
      "btc_pct_target": 0.7,
      "btc_pct_after": 0.7002,
      "portfolio_usdt": 180762.5,
      "signals": []
    },
    {
      "num": 268,
      "timestamp": "2020-08-03T01:00:00+00:00",
      "direction": "BUY",
      "price": 11112.3,
      "qty": 2.42668,
      "btc_pct_before": 0.7014,
      "btc_pct_target": 0.85,
      "btc_pct_after": 0.8502,
      "portfolio_usdt": 181448.92,
      "signals": []
    },
    {
      "num": 269,
      "timestamp": "2020-09-06T09:00:00+00:00",
      "direction": "BUY",
      "price": 10216.0,
      "qty": 1.833246,
      "btc_pct_before": 0.8392,
      "btc_pct_target": 0.95,
      "btc_pct_after": 0.9502,
      "portfolio_usdt": 168968.38,
      "signals": []
    },
    {
      "num": 270,
      "timestamp": "2020-09-13T21:00:00+00:00",
      "direction": "SELL",
      "price": 10297.3,
      "qty": 1.661827,
      "btc_pct_before": 0.9505,
      "btc_pct_target": 0.85,
      "btc_pct_after": 0.8501,
      "portfolio_usdt": 170217.71,
      "signals": []
    },
    {
      "num": 271,
      "timestamp": "2020-09-30T01:00:00+00:00",
      "direction": "SELL",
      "price": 10789.4,
      "qty": 3.38112,
      "btc_pct_before": 0.856,
      "btc_pct_target": 0.65,
      "btc_pct_after": 0.6502,
      "portfolio_usdt": 177106.43,
      "signals": []
    },
    {
      "num": 272,
      "timestamp": "2020-10-04T05:00:00+00:00",
      "direction": "BUY",
      "price": 10562.2,
      "qty": 1.730289,
      "btc_pct_before": 0.6453,
      "btc_pct_target": 0.75,
      "btc_pct_after": 0.7501,
      "portfolio_usdt": 174627.6,
      "signals": []
    },
    {
      "num": 273,
      "timestamp": "2020-10-07T05:00:00+00:00",
      "direction": "SELL",
      "price": 10607.2,
      "qty": 1.666404,
      "btc_pct_before": 0.7509,
      "btc_pct_target": 0.65,
      "btc_pct_after": 0.6501,
      "portfolio_usdt": 175158.18,
      "signals": []
    },
    {
      "num": 274,
      "timestamp": "2020-10-11T01:00:00+00:00",
      "direction": "BUY",
      "price": 11366.5,
      "qty": 4.584945,
      "btc_pct_before": 0.6657,
      "btc_pct_target": 0.95,
      "btc_pct_after": 0.9504,
      "portfolio_usdt": 183281.65,
      "signals": []
    },
    {
      "num": 275,
      "timestamp": "2020-10-14T01:00:00+00:00",
      "direction": "SELL",
      "price": 11445.2,
      "qty": 1.62299,
      "btc_pct_before": 0.9507,
      "btc_pct_target": 0.85,
      "btc_pct_after": 0.8501,
      "portfolio_usdt": 184409.04,
      "signals": []
    },
    {
      "num": 276,
      "timestamp": "2020-10-18T09:00:00+00:00",
      "direction": "BUY",
      "price": 11402.5,
      "qty": 1.617511,
      "btc_pct_before": 0.8497,
      "btc_pct_target": 0.95,
      "btc_pct_after": 0.9501,
      "portfolio_usdt": 183796.39,
      "signals": []
    },
    {
      "num": 277,
      "timestamp": "2020-10-22T01:00:00+00:00",
      "direction": "SELL",
      "price": 12821.0,
      "qty": 2.490904,
      "btc_pct_before": 0.9554,
      "btc_pct_target": 0.8,
      "btc_pct_after": 0.8002,
      "portfolio_usdt": 205490.22,
      "signals": []
    },
    {
      "num": 278,
      "timestamp": "2020-10-25T01:00:00+00:00",
      "direction": "SELL",
      "price": 13108.6,
      "qty": 1.65455,
      "btc_pct_before": 0.8037,
      "btc_pct_target": 0.7,
      "btc_pct_after": 0.7001,
      "portfolio_usdt": 209129.97,
      "signals": []
    },
    {
      "num": 279,
      "timestamp": "2020-10-28T13:00:00+00:00",
      "direction": "BUY",
      "price": 13080.6,
      "qty": 1.601571,
      "btc_pct_before": 0.6997,
      "btc_pct_target": 0.8,
      "btc_pct_after": 0.8001,
      "portfolio_usdt": 208784.76,
      "signals": []
    },
    {
      "num": 280,
      "timestamp": "2020-11-03T01:00:00+00:00",
      "direction": "BUY",
      "price": 13474.8,
      "qty": 2.303275,
      "btc_pct_before": 0.8048,
      "btc_pct_target": 0.95,
      "btc_pct_after": 0.9502,
      "portfolio_usdt": 213786.91,
      "signals": []
    },
    {
      "num": 281,
      "timestamp": "2020-11-06T01:00:00+00:00",
      "direction": "SELL",
      "price": 15686.0,
      "qty": 2.471688,
      "btc_pct_before": 0.9569,
      "btc_pct_target": 0.8,
      "btc_pct_after": 0.8002,
      "portfolio_usdt": 247068.43,
      "signals": []
    },
    {
      "num": 282,
      "timestamp": "2020-11-11T21:00:00+00:00",
      "direction": "BUY",
      "price": 15731.5,
      "qty": 2.350466,
      "btc_pct_before": 0.8007,
      "btc_pct_target": 0.95,
      "btc_pct_after": 0.9502,
      "portfolio_usdt": 247583.63,
      "signals": []
    },
    {
      "num": 283,
      "timestamp": "2020-11-14T21:00:00+00:00",
      "direction": "SELL",
      "price": 15872.6,
      "qty": 1.582725,
      "btc_pct_before": 0.9506,
      "btc_pct_target": 0.85,
      "btc_pct_after": 0.8501,
      "portfolio_usdt": 249637.75,
      "signals": []
    },
    {
      "num": 284,
      "timestamp": "2020-11-18T01:00:00+00:00",
      "direction": "SELL",
      "price": 17650.0,
      "qty": 2.526932,
      "btc_pct_before": 0.8632,
      "btc_pct_target": 0.7,
      "btc_pct_after": 0.7002,
      "portfolio_usdt": 273361.16,
      "signals": []
    },
    {
      "num": 285,
      "timestamp": "2020-11-21T13:00:00+00:00",
      "direction": "SELL",
      "price": 18710.0,
      "qty": 1.708875,
      "btc_pct_before": 0.7123,
      "btc_pct_target": 0.6,
      "btc_pct_after": 0.6001,
      "portfolio_usdt": 284786.3,
      "signals": []
    },
    {
      "num": 286,
      "timestamp": "2020-11-26T01:00:00+00:00",
      "direction": "BUY",
      "price": 18747.2,
      "qty": 2.272181,
      "btc_pct_before": 0.6006,
      "btc_pct_target": 0.75,
      "btc_pct_after": 0.7502,
      "portfolio_usdt": 285078.09,
      "signals": []
    },
    {
      "num": 287,
      "timestamp": "2020-11-29T01:00:00+00:00",
      "direction": "BUY",
      "price": 17585.0,
      "qty": 3.276522,
      "btc_pct_before": 0.738,
      "btc_pct_target": 0.95,
      "btc_pct_after": 0.9503,
      "portfolio_usdt": 271759.49,
      "signals": []
    },
    {
      "num": 288,
      "timestamp": "2020-12-02T01:00:00+00:00",
      "direction": "SELL",
      "price": 18849.3,
      "qty": 1.593356,
      "btc_pct_before": 0.9535,
      "btc_pct_target": 0.85,
      "btc_pct_after": 0.8501,
      "portfolio_usdt": 290234.67,
      "signals": []
    },
    {
      "num": 289,
      "timestamp": "2020-12-06T01:00:00+00:00",
      "direction": "SELL",
      "price": 19262.4,
      "qty": 1.578667,
      "btc_pct_before": 0.8529,
      "btc_pct_target": 0.75,
      "btc_pct_after": 0.7501,
      "portfolio_usdt": 295596.29,
      "signals": []
    },
    {
      "num": 290,
      "timestamp": "2020-12-09T01:00:00+00:00",
      "direction": "BUY",
      "price": 18216.4,
      "qty": 1.719696,
      "btc_pct_before": 0.7395,
      "btc_pct_target": 0.85,
      "btc_pct_after": 0.8501,
      "portfolio_usdt": 283511.94,
      "signals": []
    },
    {
      "num": 291,
      "timestamp": "2020-12-18T01:00:00+00:00",
      "direction": "SELL",
      "price": 22988.5,
      "qty": 2.675196,
      "btc_pct_before": 0.8774,
      "btc_pct_target": 0.7,
      "btc_pct_after": 0.7002,
      "portfolio_usdt": 346595.14,
      "signals": []
    },
    {
      "num": 292,
      "timestamp": "2020-12-21T01:00:00+00:00",
      "direction": "SELL",
      "price": 23665.7,
      "qty": 1.587684,
      "btc_pct_before": 0.7062,
      "btc_pct_target": 0.6,
      "btc_pct_after": 0.6001,
      "portfolio_usdt": 353649.99,
      "signals": []
    },
    {
      "num": 293,
      "timestamp": "2020-12-24T01:00:00+00:00",
      "direction": "BUY",
      "price": 23202.5,
      "qty": 2.32921,
      "btc_pct_before": 0.5953,
      "btc_pct_target": 0.75,
      "btc_pct_after": 0.7502,
      "portfolio_usdt": 349440.53,
      "signals": []
    },
    {
      "num": 294,
      "timestamp": "2020-12-28T17:00:00+00:00",
      "direction": "SELL",
      "price": 27140.0,
      "qty": 2.58861,
      "btc_pct_before": 0.7784,
      "btc_pct_target": 0.6,
      "btc_pct_after": 0.6002,
      "portfolio_usdt": 393834.89,
      "signals": []
    },
    {
      "num": 295,
      "timestamp": "2021-01-11T13:00:00+00:00",
      "direction": "BUY",
      "price": 32792.8,
      "qty": 1.423844,
      "btc_pct_before": 0.6446,
      "btc_pct_target": 0.75,
      "btc_pct_after": 0.7501,
      "portfolio_usdt": 442947.01,
      "signals": []
    },
    {
      "num": 296,
      "timestamp": "2021-01-23T01:00:00+00:00",
      "direction": "BUY",
      "price": 32702.5,
      "qty": 1.356849,
      "btc_pct_before": 0.7496,
      "btc_pct_target": 0.85,
      "btc_pct_after": 0.8501,
      "portfolio_usdt": 441962.15,
      "signals": []
    },
    {
      "num": 297,
      "timestamp": "2021-01-28T17:00:00+00:00",
      "direction": "BUY",
      "price": 32286.6,
      "qty": 1.374312,
      "btc_pct_before": 0.8485,
      "btc_pct_target": 0.95,
      "btc_pct_after": 0.9501,
      "portfolio_usdt": 437117.95,
      "signals": []
    },
    {
      "num": 298,
      "timestamp": "2021-01-31T17:00:00+00:00",
      "direction": "SELL",
      "price": 32292.0,
      "qty": 2.709367,
      "btc_pct_before": 0.9502,
      "btc_pct_target": 0.75,
      "btc_pct_after": 0.7502,
      "portfolio_usdt": 437120.82,
      "signals": []
    },
    {
      "num": 299,
      "timestamp": "2021-02-18T01:00:00+00:00",
      "direction": "SELL",
      "price": 52125.1,
      "qty": 1.579926,
      "btc_pct_before": 0.829,
      "btc_pct_target": 0.7,
      "btc_pct_after": 0.7001,
      "portfolio_usdt": 638342.77,
      "signals": []
    },
    {
      "num": 300,
      "timestamp": "2021-02-22T05:00:00+00:00",
      "direction": "SELL",
      "price": 55787.5,
      "qty": 1.370678,
      "btc_pct_before": 0.7142,
      "btc_pct_target": 0.6,
      "btc_pct_after": 0.6001,
      "portfolio_usdt": 669615.04,
      "signals": []
    },
    {
      "num": 301,
      "timestamp": "2021-02-25T05:00:00+00:00",
      "direction": "BUY",
      "price": 50385.3,
      "qty": 2.184816,
      "btc_pct_before": 0.5754,
      "btc_pct_target": 0.75,
      "btc_pct_after": 0.7502,
      "portfolio_usdt": 630594.95,
      "signals": []
    },
    {
      "num": 302,
      "timestamp": "2021-03-01T05:00:00+00:00",
      "direction": "BUY",
      "price": 46188.7,
      "qty": 1.490145,
      "btc_pct_before": 0.7335,
      "btc_pct_target": 0.85,
      "btc_pct_after": 0.8501,
      "portfolio_usdt": 591038.01,
      "signals": []
    },
    {
      "num": 303,
      "timestamp": "2021-03-04T21:00:00+00:00",
      "direction": "SELL",
      "price": 47947.2,
      "qty": 1.334028,
      "btc_pct_before": 0.8548,
      "btc_pct_target": 0.75,
      "btc_pct_after": 0.7501,
      "portfolio_usdt": 610061.48,
      "signals": []
    },
    {
      "num": 304,
      "timestamp": "2021-04-23T01:00:00+00:00",
      "direction": "BUY",
      "price": 51078.7,
      "qty": 1.731339,
      "btc_pct_before": 0.7618,
      "btc_pct_target": 0.9,
      "btc_pct_after": 0.9002,
      "portfolio_usdt": 639848.56,
      "signals": []
    },
    {
      "num": 305,
      "timestamp": "2021-04-29T09:00:00+00:00",
      "direction": "SELL",
      "price": 54551.4,
      "qty": 1.940639,
      "btc_pct_before": 0.9059,
      "btc_pct_target": 0.75,
      "btc_pct_after": 0.7502,
      "portfolio_usdt": 678867.25,
      "signals": []
    },
    {
      "num": 306,
      "timestamp": "2021-05-14T01:00:00+00:00",
      "direction": "BUY",
      "price": 50021.4,
      "qty": 1.481242,
      "btc_pct_before": 0.7336,
      "btc_pct_target": 0.85,
      "btc_pct_after": 0.8501,
      "portfolio_usdt": 636428.16,
      "signals": []
    },
    {
      "num": 307,
      "timestamp": "2021-05-23T09:00:00+00:00",
      "direction": "BUY",
      "price": 34199.4,
      "qty": 1.427869,
      "btc_pct_before": 0.795,
      "btc_pct_target": 0.9,
      "btc_pct_after": 0.9001,
      "portfolio_usdt": 465207.59,
      "signals": []
    },
    {
      "num": 308,
      "timestamp": "2021-05-26T09:00:00+00:00",
      "direction": "SELL",
      "price": 40150.2,
      "qty": 2.192996,
      "btc_pct_before": 0.9137,
      "btc_pct_target": 0.75,
      "btc_pct_after": 0.7502,
      "portfolio_usdt": 537987.1,
      "signals": []
    },
    {
      "num": 309,
      "timestamp": "2021-05-30T17:00:00+00:00",
      "direction": "BUY",
      "price": 35818.2,
      "qty": 2.371214,
      "btc_pct_before": 0.7282,
      "btc_pct_target": 0.9,
      "btc_pct_after": 0.9002,
      "portfolio_usdt": 494320.52,
      "signals": []
    },
    {
      "num": 310,
      "timestamp": "2021-06-02T17:00:00+00:00",
      "direction": "SELL",
      "price": 38015.1,
      "qty": 2.132452,
      "btc_pct_before": 0.9055,
      "btc_pct_target": 0.75,
      "btc_pct_after": 0.7502,
      "portfolio_usdt": 521480.2,
      "signals": []
    },
    {
      "num": 311,
      "timestamp": "2021-06-09T13:00:00+00:00",
      "direction": "BUY",
      "price": 35087.5,
      "qty": 2.312065,
      "btc_pct_before": 0.7349,
      "btc_pct_target": 0.9,
      "btc_pct_after": 0.9002,
      "portfolio_usdt": 491238.65,
      "signals": []
    },
    {
      "num": 312,
      "timestamp": "2021-06-12T13:00:00+00:00",
      "direction": "SELL",
      "price": 35990.9,
      "qty": 3.525137,
      "btc_pct_before": 0.9025,
      "btc_pct_target": 0.65,
      "btc_pct_after": 0.6502,
      "portfolio_usdt": 502500.09,
      "signals": []
    },
    {
      "num": 313,
      "timestamp": "2021-06-25T21:00:00+00:00",
      "direction": "SELL",
      "price": 31793.7,
      "qty": 2.504769,
      "btc_pct_before": 0.6215,
      "btc_pct_target": 0.45,
      "btc_pct_after": 0.4501,
      "portfolio_usdt": 464219.34,
      "signals": []
    },
    {
      "num": 314,
      "timestamp": "2021-07-16T21:00:00+00:00",
      "direction": "BUY",
      "price": 31725.5,
      "qty": 1.467522,
      "btc_pct_before": 0.4496,
      "btc_pct_target": 0.55,
      "btc_pct_after": 0.5501,
      "portfolio_usdt": 463651.82,
      "signals": []
    },
    {
      "num": 315,
      "timestamp": "2021-07-21T09:00:00+00:00",
      "direction": "BUY",
      "price": 31311.9,
      "qty": 2.251419,
      "btc_pct_before": 0.5468,
      "btc_pct_target": 0.7,
      "btc_pct_after": 0.7002,
      "portfolio_usdt": 460257.46,
      "signals": []
    },
    {
      "num": 316,
      "timestamp": "2021-07-24T09:00:00+00:00",
      "direction": "SELL",
      "price": 33835.7,
      "qty": 2.387494,
      "btc_pct_before": 0.7162,
      "btc_pct_target": 0.55,
      "btc_pct_after": 0.5501,
      "portfolio_usdt": 486120.02,
      "signals": []
    },
    {
      "num": 317,
      "timestamp": "2021-07-27T21:00:00+00:00",
      "direction": "SELL",
      "price": 38334.5,
      "qty": 1.779558,
      "btc_pct_before": 0.5808,
      "btc_pct_target": 0.45,
      "btc_pct_after": 0.4501,
      "portfolio_usdt": 521547.91,
      "signals": []
    },
    {
      "num": 318,
      "timestamp": "2021-08-05T09:00:00+00:00",
      "direction": "BUY",
      "price": 38046.3,
      "qty": 1.390214,
      "btc_pct_before": 0.4482,
      "btc_pct_target": 0.55,
      "btc_pct_after": 0.5501,
      "portfolio_usdt": 519681.15,
      "signals": []
    },
    {
      "num": 319,
      "timestamp": "2021-08-09T01:00:00+00:00",
      "direction": "SELL",
      "price": 43097.1,
      "qty": 1.690907,
      "btc_pct_before": 0.5807,
      "btc_pct_target": 0.45,
      "btc_pct_after": 0.4501,
      "portfolio_usdt": 557546.16,
      "signals": []
    },
    {
      "num": 320,
      "timestamp": "2021-08-16T01:00:00+00:00",
      "direction": "BUY",
      "price": 47638.1,
      "qty": 4.596324,
      "btc_pct_before": 0.475,
      "btc_pct_target": 0.85,
      "btc_pct_after": 0.8505,
      "portfolio_usdt": 583872.96,
      "signals": []
    },
    {
      "num": 321,
      "timestamp": "2021-08-19T21:00:00+00:00",
      "direction": "BUY",
      "price": 46619.3,
      "qty": 1.257115,
      "btc_pct_before": 0.8477,
      "btc_pct_target": 0.95,
      "btc_pct_after": 0.9501,
      "portfolio_usdt": 572930.58,
      "signals": []
    },
    {
      "num": 322,
      "timestamp": "2021-08-22T21:00:00+00:00",
      "direction": "SELL",
      "price": 48685.6,
      "qty": 1.252657,
      "btc_pct_before": 0.9522,
      "btc_pct_target": 0.85,
      "btc_pct_after": 0.8501,
      "portfolio_usdt": 596966.86,
      "signals": []
    },
    {
      "num": 323,
      "timestamp": "2021-08-29T05:00:00+00:00",
      "direction": "BUY",
      "price": 48300.0,
      "qty": 1.238317,
      "btc_pct_before": 0.8491,
      "btc_pct_target": 0.95,
      "btc_pct_after": 0.9501,
      "portfolio_usdt": 592856.53,
      "signals": []
    },
    {
      "num": 324,
      "timestamp": "2021-09-01T17:00:00+00:00",
      "direction": "SELL",
      "price": 48739.0,
      "qty": 1.233709,
      "btc_pct_before": 0.9506,
      "btc_pct_target": 0.85,
      "btc_pct_after": 0.8501,
      "portfolio_usdt": 597885.84,
      "signals": []
    },
    {
      "num": 325,
      "timestamp": "2021-09-10T05:00:00+00:00",
      "direction": "BUY",
      "price": 46698.2,
      "qty": 1.301267,
      "btc_pct_before": 0.8446,
      "btc_pct_target": 0.95,
      "btc_pct_after": 0.9502,
      "portfolio_usdt": 576516.2,
      "signals": []
    },
    {
      "num": 326,
      "timestamp": "2021-09-17T13:00:00+00:00",
      "direction": "SELL",
      "price": 47240.1,
      "qty": 1.242216,
      "btc_pct_before": 0.9507,
      "btc_pct_target": 0.85,
      "btc_pct_after": 0.8501,
      "portfolio_usdt": 582780.58,
      "signals": []
    },
    {
      "num": 327,
      "timestamp": "2021-09-21T01:00:00+00:00",
      "direction": "SELL",
      "price": 42756.2,
      "qty": 2.34251,
      "btc_pct_before": 0.837,
      "btc_pct_target": 0.65,
      "btc_pct_after": 0.6502,
      "portfolio_usdt": 535674.05,
      "signals": []
    },
    {
      "num": 328,
      "timestamp": "2021-09-24T01:00:00+00:00",
      "direction": "BUY",
      "price": 44462.3,
      "qty": 3.595514,
      "btc_pct_before": 0.659,
      "btc_pct_target": 0.95,
      "btc_pct_after": 0.9504,
      "portfolio_usdt": 549417.6,
      "signals": []
    },
    {
      "num": 329,
      "timestamp": "2021-09-27T17:00:00+00:00",
      "direction": "SELL",
      "price": 43053.3,
      "qty": 2.460399,
      "btc_pct_before": 0.9489,
      "btc_pct_target": 0.75,
      "btc_pct_after": 0.7502,
      "portfolio_usdt": 532637.36,
      "signals": []
    },
    {
      "num": 330,
      "timestamp": "2021-09-30T17:00:00+00:00",
      "direction": "BUY",
      "price": 43335.5,
      "qty": 2.451699,
      "btc_pct_before": 0.7514,
      "btc_pct_target": 0.95,
      "btc_pct_after": 0.9503,
      "portfolio_usdt": 535096.96,
      "signals": []
    },
    {
      "num": 331,
      "timestamp": "2021-10-03T17:00:00+00:00",
      "direction": "SELL",
      "price": 48916.8,
      "qty": 1.297423,
      "btc_pct_before": 0.9557,
      "btc_pct_target": 0.85,
      "btc_pct_after": 0.8501,
      "portfolio_usdt": 600408.33,
      "signals": []
    },
    {
      "num": 332,
      "timestamp": "2021-10-10T01:00:00+00:00",
      "direction": "SELL",
      "price": 54386.7,
      "qty": 1.367596,
      "btc_pct_before": 0.8631,
      "btc_pct_target": 0.75,
      "btc_pct_after": 0.7501,
      "portfolio_usdt": 657380.42,
      "signals": []
    },
    {
      "num": 333,
      "timestamp": "2021-11-02T01:00:00+00:00",
      "direction": "SELL",
      "price": 61335.1,
      "qty": 2.60671,
      "btc_pct_before": 0.772,
      "btc_pct_target": 0.55,
      "btc_pct_after": 0.5502,
      "portfolio_usdt": 720258.68,
      "signals": []
    },
    {
      "num": 334,
